4598 5932
1258 308 1304 383 10

1114 415 1445 428 ———-———-—

571 541 607 607 Si
629 540 762 609 ovulum
783 539 1019 605 foecundatam
1041 553 1191 604 remanet
1218 543 1250 606 in
1273 539 1420 605 folliculo
1442 549 1578 623 aperto,
1606 537 1678 603 fieri
1701 559 1766 602 nou
1787 549 1909 621 potest,
1931 538 2007 623 quin
2027 541 2079 606 vis
2099 541 2155 605 illu

407 658 567 737 irritandi,
589 680 655 745 qua
678 659 861 744 praeditum
886 672 953 735 est,
985 659 1124 743 primum
1152 661 1185 723 in
1211 660 1402 724 membrana
1429 657 1584 722 interiore
1607 657 1744 722 folliculi
1770 658 1932 742 sauguine
1952 659 2155 737 abundante,

408 777 528 843 deiude
553 779 650 844 etiam
675 780 708 844 in
735 779 921 844 substantia
947 778 1052 863 ipsius
1078 777 1183 841 ovarii
1213 778 1410 841 mutationes
1431 776 1592 861 quasdam
1618 774 1760 840 efficiat:
1789 775 2030 860 amplificantur
2057 778 2156 862 igitur

405 915 500 975 vasa,
521 907 556 961 et
577 899 720 963 maxime
735 898 864 982 quidem
879 917 998 975 venae,
1013 911 1046 961 et
1067 897 1226 980 incipiunt
1247 909 1444 980 turgescere
1465 894 1646 979 sarrguine:
1667 916 1755 972 nrox,
1776 918 1874 980 quum
1895 894 1972 981 plus
1987 896 2060 982 jam
2077 916 2155 963 san·

407 1016 516 1099 guinis
536 1018 579 1081 sit
600 1017 632 1081 in
656 1019 844 1082 membrana
867 1014 921 1080 illa
940 1014 1077 1079 folliculi
1099 1027 1132 1079 ct
1151 1014 1413 1099 parcuchymate
1429 1013 1544 1094 ovarii,
1568 1011 1642 1096 plus
1665 1013 1763 1076 etiam
1785 1014 2056 1079 nutrimentorum
2076 1014 2156 1079 snb·

407 1132 625 1198 ministratur:
648 1135 735 1200 unde
757 1134 804 1212 lit,
825 1146 862 1198 ut
883 1146 1042 1197 nascatur
1061 1134 1259 1198 exsudntum
1279 1133 1368 1218 quod
1393 1133 1504 1195 dicunt
1524 1144 1556 1194 ct
1577 1131 1609 1194 iu
1626 1133 1817 1196 rnernbrana
1836 1131 1975 1197 folliculi
1997 1133 2155 1199 interiore

407 1262 440 1316 et
467 1253 499 1316 in
529 1251 792 1337 parencbymate
817 1253 939 1327 ovarii3
971 1252 1091 1316 deinde
1120 1252 1217 1316 etiam
1245 1252 1277 1314 in
1303 1271 1422 1315 serosa
1450 1250 1555 1314 orarii
1581 1253 1782 1315 membrana.
1828 1249 1911 1315 llum
1946 1251 1998 1318 sic
2025 1263 2156 1317 textura

407 1371 512 1435 orarii
535 1381 687 1450 mutatur,
709 1371 840 1435 ovulum
863 1370 1098 1435 foecundatum
1122 1371 1167 1434 ita
1190 1369 1303 1454 incipit
1318 1368 1439 1448 evolvi,
1462 1369 1557 1453 quasi
1579 1369 1623 1432 sit
1645 1370 1677 1432 in
1701 1390 1787 1434 cavo
1810 1373 1905 1435 uteri.
1950 1370 2154 1437 Exsudatum

408 1489 494 1555 enim
516 1502 551 1555 et
573 1488 701 1574 plasma
721 1489 905 1574 snrrguiuis,
928 1509 1013 1575 quae
1036 1492 1068 1553 in
1084 1487 1230 1553 folliculo
1252 1502 1344 1562 suut,
1367 1483 1409 1552 ¹et
1431 1488 1475 1551 ad
1497 1488 1704 1551 nutriendum
1729 1501 1761 1553 et
1782 1489 1826 1551 ad
1847 1489 2034 1575 augendum
2056 1510 2156 1555 orum

406 1606 584 1674 sufficiunt.
626 1608 709 1673 Mox
737 1609 835 1692 igitur
862 1629 961 1671 ovum
990 1606 1086 1685 villos
1114 1605 1219 1671 chorii
1250 1608 1349 1670 modo
1379 1619 1562 1671 irascentes
1590 1607 1727 1670 demittit
1755 1608 1787 1671 in
1814 1608 2030 1687 exsudatum,
2066 1608 2156 1692 qnod

408 1728 527 1793 deiude
549 1737 692 1792 mutatur
717 1727 750 1790 in
777 1739 942 1791 texturam
969 1726 1134 1811 quandam
1161 1727 1374 1808 organicam,
1404 1724 1506 1810 litque
1535 1723 1721 1809 gelatinosa
1748 1723 1814 1789 tela
1845 1724 2017 1791 cellulast.
2061 1724 2157 1789 Hauc

407 1857 518 1910 autem
540 1866 638 1911 ovum
665 1842 840 1909 celerrime
864 1863 1024 1908 crescens
1053 1865 1129 1907 mox
1160 1844 1368 1927 comprimit:
1396 1843 1516 1907 deiude
1545 1845 1664 1927 premit
1689 1845 1787 1908 etiam
1809 1847 1915 1930 ipsius
1936 1842 2077 1909 folliculi
2100 1862 2156 1928 pa·

407 1965 509 2030 rietes
530 1964 723 2047 interiores,
753 1984 862 2047 neque
887 1975 996 2028 tamen
1018 1964 1155 2046 rumpit,
1187 1963 1341 2047 quoniam
1363 1962 1510 2026 nituntur
1531 1974 1563 2027 et
1586 1963 1797 2028 continentur
1821 1965 1986 2049 undique,
2010 1977 2157 2048 practer·

406 2101 503 2168 quam
526 2083 559 2147 iu
582 2092 677 2167 parte
700 2102 876 2166 suprema,
898 2080 1025 2146 libroso
1047 2093 1210 2146 stromate
1231 2082 1355 2164 orarii,
1381 2082 1470 2166 quod
1491 2094 1545 2146 est
1564 2081 1794 2146 firmissimum.
1836 2083 1886 2146 lta
1907 2085 2037 2167 cogitur
2058 2103 2156 2148 ovum

405 2201 437 2266 in
460 2219 534 2265 eam
554 2200 760 2284 potissimum
782 2211 910 2284 partem
934 2212 967 2264 et
988 2220 1146 2265 crescere
1169 2212 1201 2264 et
1225 2220 1357 2284 urgere,
1381 2200 1438 2263 ubi
1461 2198 1527 2262 tela
1548 2198 1600 2262 illa
1622 2199 1809 2284 gelatiuosa
1830 2212 1882 2264 cst
1904 2202 2067 2287 sanguine
2091 2221 2156 2263 nnn

405 2319 451 2383 ita
468 2317 611 2396 referta,
641 2339 707 2405 qua
728 2316 867 2383 folliculi
890 2330 1049 2402 apertura
1072 2317 1210 2383 obclusa
1231 2331 1291 2382 est.
1336 2317 1430 2382 ilaec
1454 2331 1579 2396 autem,
1611 2319 1733 2403 quippe
1762 2340 1850 2402 quae
1885 2320 2078 2385 mollissima
2102 2321 2156 2398 sit,

406 2437 499 2502 brevi
522 2437 701 2522 rumpitur,
734 2457 832 2522 quarn
853 2450 964 2502 tamen
986 2458 1072 2514 rem,
1101 2458 1199 2522 quum
1225 2435 1290 2500 tela
1318 2436 1504 2521 geletinosa
1532 2438 1654 2521 exigua
1682 2439 1780 2502 ruodo
1807 2450 1841 2500 et
1873 2441 2045 2522 pertenuia
2075 2459 2157 2504 :vasa

404 2555 539 2632 habeat,
561 2576 629 2621 nou
652 2556 757 2642 major
776 2554 849 2620 fere
870 2554 1126 2639 bacmorrlragia
1152 2559 1317 2640 sequitur,
1348 2576 1444 2639 quam
1469 2556 1605 2639 primam
1625 2577 1691 2619 nou
1715 2558 1760 2620 ita
1782 2556 1915 2621 multum
1936 2571 2012 2622 ante
2034 2558 2155 2623 factam

407 2671 544 2739 folliculi
567 2673 779 2739 Graafiani
807 2684 989 2758 rupturam.
1033 2674 1107 2738 Non
1126 2675 1233 2759 ,igitur
1261 2674 1376 2737 mirum
1403 2685 1473 2757 est,
1502 2673 1589 2737 bunc
1619 2676 1756 2758 primum
1786 2676 1993 2759 granditatis
2021 2680 2155 2742 caricae

407 2805 529 2861 emtum
551 2814 618 2859 non
638 2814 716 2859 esse
738 2794 961 2859 observatum.
996 2794 1105 2867 Quum
1123 2795 1207 2858 enim
1223 2792 1478 2876 haemorrhagia
1500 2790 1633 2856 illanon
1655 2813 1695 2856 ea
1710 2794 1765 2872 sit,
1787 2815 1884 2879 quam
1900 2794 2044 2860 mulieris
2065 2818 2155 2863 mors

406 2923 582 2999 sequatur,
610 2913 643 2977 iu
665 2913 831 2978 cadavere
853 2932 951 2976 ovum
972 2909 1209 2976 foecundatum
1233 2932 1275 2976 ex
1297 2910 1444 2975 folliculo
1465 2911 1657 2995 prominens
1677 2933 1745 2976 non
1766 2913 1987 2991 invenientis,
2014 2916 2077 2980 nisi
2100 2915 2156 2979 liat

404 3029 492 3097 forte
509 3030 654 3097 fortuna.
696 3031 737 3097 Et
756 3050 864 3116 usque
886 3031 929 3094 ad
951 3031 982 3093 id
1005 3032 1135 3114 quidem
1159 3043 1302 3113 tempus,
1324 3052 1389 3115 quo
1410 3051 1509 3093 ovum
1531 3034 1648 3094 iterum
1672 3031 1803 3114 dirupto
1825 3031 1973 3096 folliculo
1995 3053 2156 3098 crescens

405 3148 490 3216 aliae
511 3162 625 3236 partes
648 3151 824 3215 interiores
846 3151 966 3233 tangit,
984 3168 1075 3212 mera
1097 3164 1149 3213 est
1172 3148 1354 3232 graviditas
1376 3149 1500 3213 carica.
1544 3148 1612 3212 Sed
1634 3149 1662 3211 si
1694 3150 1858 3212 etiamtum
1879 3171 1977 3214 ovum
2000 3172 2156 3215 crescere

405 3271 525 3355 pergit,
539 3290 616 3334 :nox
633 3271 679 3334 ita
693 3281 835 3333 mutatur
848 3269 1056 3352 graviditatis
1068 3266 1211 3341 babitus,
1234 3280 1268 3330 ut
1289 3266 1437 3349 speciem
1456 3266 1663 3350 graviditatis
1681 3267 1780 3330 tubo·
1791 3269 1937 3345 caricae,
1958 3267 2010 3334 vel
2024 3271 2153 3334 orario-

406 3387 623 3453 abdominalie
646 3389 817 3473 praebeat.
851 3386 1177 3471 Quaecunqueenim
1197 3399 1438 3469 erumpentes,
1458 3386 1529 3449 sive
1552 3385 1663 3468 tubae,
1684 3386 1756 3448 sive
1778 3383 1857 3471 ligg.
1872 3388 1955 3451 uteri
1978 3387 2056 3465 lata,
2081 3390 2153 3453 sive

407 3506 563 3572 intestina
585 3520 681 3584 aurit,
703 3507 822 3591 tangit,
851 3505 896 3569 ita
917 3506 1038 3586 irritat,
1065 3517 1099 3568 ut
1117 3504 1185 3588 jem
1207 3505 1312 3587 magis
1334 3524 1431 3588 quam
1454 3514 1554 3568 aritea
1575 3504 1775 3568 nutriantur:
1804 3526 1869 3590 qua
1891 3527 1928 3571 re
1952 3505 2005 3582 lit,
2026 3519 2061 3570 ut
2081 3527 2156 3571 mox

407 3647 481 3690 cum
502 3627 543 3690 iis
565 3625 735 3690 coalescat
750 3623 989 3708 saeculumque
1008 3623 1084 3687 inde
1106 3642 1269 3686 crescens
1291 3623 1355 3686 sibi
1377 3622 1499 3686 induat
1542 3620 1624 3685 Mox
1644 3619 1720 3686 illae
1738 3635 1852 3706 partes
1867 3625 1964 3688 etiam
1985 3646 2058 3688 cum
2083 3624 2156 3711 ipso

406 3747 521 3809 orario
543 3744 731 3808 arctissime
753 3743 1019 3828 conjunguntur,
1042 3762 1149 3826 neque
1170 3742 1275 3804 :uirtus
1297 3761 1394 3826 quam
1416 3741 1449 3804 id
1471 3741 1578 3824 ipsum
1601 3741 1644 3804 ad
1667 3762 1764 3805 ovum
1783 3744 1990 3808 nutriendum
2012 3757 2045 3808 ct
2069 3744 2157 3809 evol-

405 3863 549 3929 vendum
573 3863 746 3946 pertinent.
791 3859 862 3924 lloc
886 3862 940 3925 ubi
961 3858 1087 3924 factum
1112 3875 1180 3936 est,
1211 3859 1289 3923 nillil
1314 3860 1387 3945 jam
1414 3860 1542 3937 obstat,
1572 3861 1745 3945 quominus
1767 3861 1941 3945 placenta,
1972 3883 2058 3948 quae
2081 3884 2157 3927 mox

404 3982 565 4059 nascitur,
590 3981 645 4045 uni
668 4001 709 4044 ex
731 3978 784 4043 his
806 3980 954 4065 partibus
976 3978 1177 4042 adhaereat:
1208 3998 1306 4063 quam
1328 3991 1458 4062 partem
1479 3979 1599 4042 deinde
1623 3999 1704 4062 prae
1727 3983 1848 4046 ceteris
1871 4002 1968 4045 ovum
1990 3985 2157 4049 sustinere

406 4114 440 4164 et
460 4100 554 4166 alere
574 4120 719 4165 necesse
741 4111 805 4179 est,
827 4100 873 4162 ita
895 4112 929 4163 ut
945 4098 1012 4183 jam
1034 4098 1130 4182 quasi
1150 4097 1313 4162 succedat
1332 4098 1365 4161 in
1387 4094 1497 4161 locum
1519 4095 1657 4161 folliculi
1680 4109 1713 4162 et
1734 4101 1855 4176 orarii,
1877 4101 2037 4186 aquibus
2059 4114 2157 4166 antea

406 4238 503 4284 ovum
524 4230 743 4284 sustentatum
771 4230 805 4282 et
833 4219 987 4281 nutritum
1018 4230 1101 4280 crat.
1144 4217 1194 4279 lta
1224 4237 1265 4279 ex
1293 4216 1491 4299 graviditate
1516 4216 1646 4295 carica,
1673 4218 1854 4301 graviditas
1884 4220 2157 4285 orario-tubaria

406 4350 464 4403 aut
483 4335 849 4404 orario-abdominalis
871 4336 1014 4419 (gr-auid.
1030 4333 1245 4399 abdominalis
1265 4335 1484 4413 secundaria)
1505 4333 1596 4398 facta
1618 4347 1679 4403 est.
1722 4336 1765 4399 Et
1788 4337 1819 4399 in
1843 4336 1907 4400 hac
1929 4340 2061 4422 quidem
2082 4359 2158 4423 gra·

406 4456 540 4522 viditate
562 4455 672 4521 foetus
694 4455 737 4519 ad
754 4454 912 4540 majorem
932 4455 1148 4519 maturitatem
1172 4454 1346 4537 pervenire
1369 4465 1489 4536 potest,
1509 4475 1608 4538 quum
1626 4475 1689 4518 non
1712 4475 1791 4534 una,
1812 4458 1873 4520 sed
1896 4455 2044 4541 pluribus
2066 4459 2156 4522 dein·

407 4598 489 4660 ceps
511 4575 750 4639 accedentibus
774 4574 923 4658 partibus
944 4574 1157 4640 sustineatur.
1202 4571 1367 4638 Saeculus
1389 4586 1498 4637 autem
1520 4573 1565 4636 ita
1587 4587 1703 4651 natus,
1731 4587 1787 4640 aut
1805 4577 1833 4641 si
1855 4575 1967 4641 foetus
1991 4579 2158 4661 emoritur,

406 4715 479 4758 eum
502 4692 623 4758 diutius
654 4694 815 4758 inclusum
838 4702 946 4769 tenet,
978 4703 1035 4754 aut
1062 4692 1091 4755 si
1114 4712 1269 4756 crescere
1291 4692 1415 4777 pergit,
1447 4693 1615 4776 rumpitur.
1660 4694 1754 4759 llaec
1776 4716 1858 4759 vero
1881 4708 2037 4779 ruptura,
2059 4719 2156 4781 quum

406 4810 562 4878 sacculus
585 4812 675 4877 vasis
698 4825 732 4877 et
754 4812 917 4900 sanguine
939 4811 1098 4888 abundet,
1121 4832 1186 4875 non
1212 4822 1323 4894 potest
1347 4831 1425 4875 csse
1445 4811 1517 4875 sine
1539 4811 1795 4898 haemorrhagia
1808 4817 1961 4891 maxima,
1985 4836 2049 4899 qna
2072 4819 2157 4879 iutra

408 4950 537 5014 paucas
559 4929 662 4995 boras
685 4930 851 4997 mulierem
875 4931 956 4996 mori
980 4950 1124 4995 neccsse
1141 4942 1201 4996 cst.
1246 4928 1286 4994 Et
1308 4930 1349 4993 de
1374 4928 1438 4993 boc
1453 4930 1586 5014 quidem
1607 4932 1814 5016 graviditutis
1832 4935 2079 4999 extrauterinac
2101 4959 2156 5021 gc·

407 5070 487 5116 nere
509 5049 680 5116 hactenus.
