4598 5932
1107 320 1153 396 16

250 567 439 632 intumescit
465 566 642 650 etquidem
667 585 708 628 ea
728 565 804 650 ipsa
825 565 857 628 in
883 573 993 648 parte,
1013 563 1160 647 inquam
1183 565 1264 629 tuba
1284 567 1393 629 intrat
1446 561 1528 649 Ejus
1545 573 1655 627 eutem
1678 558 1819 638 sacculi,
1846 561 1876 624 in
1901 581 1998 645 quem

250 683 306 749 ilia
333 705 414 770 pars
442 685 650 748 substantiae
683 683 768 747 uteri
802 693 944 747 extensa
972 694 1042 761 est,
1078 683 1226 768 parietes
1248 702 1314 745 non
1337 681 1383 744 ita
1410 690 1575 766 augentur
1600 679 1634 743 iu
1658 679 1931 756 erassitudinem,
1965 690 2001 741 ut

252 805 305 868 ovi
338 805 494 888 impetum
520 802 575 866 diu
601 801 733 886 possint
756 801 935 865 sustinere.
977 800 1060 865 Mox
1091 801 1190 887 igitur
1223 809 1420 884 rumpuntur
1453 796 1553 862 multo
1585 797 1748 883 sanguine
1776 794 1903 875 effuso,
1934 817 1999 880 quo

252 923 375 986 damno
402 919 519 984 mulier
543 919 637 984 brevi
651 916 849 982 conficiatur
872 935 1020 983 necesse
1044 929 1106 983 est.
1147 918 1182 982 ld
1200 916 1289 1001 quod
1304 915 1570 981 Deaeimeris
1589 913 1784 1001 plerumque
1797 915 1904 980 altero
1926 936 2001 1000 gra-

251 1039 394 1106 viditatis
419 1056 537 1103 mense
561 1048 706 1100 exeunte
732 1035 805 1099 fieri
833 1047 944 1120 putat3
972 1038 1151 1120 etquidem
1172 1047 1277 1101 recte.
1324 1025 1560 1116 'Schmitt⁴⁰)
1588 1036 1621 1099 in
1638 1036 1778 1102 sacculo
1804 1047 1903 1122 rupto
1930 1033 2002 1100 foe-

249 1180 316 1240 tum
341 1156 539 1242 qudraginta
566 1155 691 1218 dierum
716 1156 850 1220 invenit.
903 1153 1117 1219 {dederich
1135 1149 1181 1238 ⁴⁷)
1215 1157 1248 1220 in
1285 1152 1428 1219 sacculo
1460 1165 1559 1239 rupto
1588 1152 1713 1219 foetum
1745 1155 1826 1219 vidit
1850 1152 1923 1219 sere
1948 1155 2002 1218 tri-

253 1289 422 1354 mestrem,
448 1273 563 1339 cborio
586 1273 779 1339 involutum.
832 1273 981 1358 Meyer
996 1264 1041 1355 ⁴⁸)
1066 1273 1199 1340 ovulum
1229 1271 1393 1337 incolume
1419 1292 1458 1337 se
1483 1273 1653 1337 invenisse
1675 1273 1803 1352 sen'bit,
1825 1273 1914 1357 quod
1941 1292 2004 1356 per

250 1407 419 1482 rupturam
450 1393 671 1478 promineret:
701 1391 733 1454 id
765 1402 841 1455 ante
873 1392 1090 1478 septuaginta
1117 1393 1250 1458 circiter
1277 1392 1348 1457 dies
1380 1389 1616 1457 foecundatam
1639 1388 1746 1456 fuisse
1780 1392 1887 1456 nsum
1912 1411 2001 1456 esse.

251 1517 341 1580 idem
367 1512 528 1578 Moulin
548 1501 594 1593 40)
616 1530 654 1575 se
682 1511 854 1594 reperisse
880 1511 1006 1574 scribit.

416 1631 515 1704 Quod
544 1641 653 1694 autem
686 1629 719 1693 in
754 1627 951 1712 graviditate
989 1629 1119 1694 tubaria
1154 1630 1269 1694 stricte
1303 1630 1354 1695 sic
1387 1630 1474 1694 dicta
1506 1628 1667 1706 vinnm,
1689 1647 1755 1692 non
1783 1647 1918 1713 semper
1937 1648 2004 1690 urta

254 1771 361 1836 eaque
391 1749 482 1814 letuii
514 1760 652 1834 ruptura
685 1745 858 1812 sacculum
890 1748 1015 1824 scindi,
1047 1748 1133 1811 idem
1164 1748 1196 1810 in
1229 1745 1296 1810 hac
1322 1747 1528 1832 graviditatis
1563 1745 1681 1832 specie
1700 1747 1917 1812 observatum
1940 1756 2003 1809 est.

253 1869 500 1952 Nonnunquam
523 1865 674 1952 pluribus
699 1864 861 1950 deinceps
883 1887 922 1931 se
949 1868 1046 1951 quasi
1069 1865 1311 1951 excipientibus
1338 1865 1483 1950 rupturis
1510 1865 1592 1928 rima
1614 1863 1765 1950 aperitur
1788 1865 1820 1928 in
1847 1864 2004 1928 interiore

254 1976 509 2044 saeculi·modo
531 1976 702 2040 nascentis
730 1976 875 2058 pariete,
903 1976 935 2039 in
963 1995 1060 2061 quam
1093 1997 1192 2040 ovum
1221 1975 1397 2040 descendit
1428 1976 1524 2060 eique
1551 1995 1628 2039 mox
1655 1975 1822 2039 increscit
1865 1973 1913 2037 ita
1933 1971 2005 2037 fieri

253 2107 382 2181 potest,
408 2109 443 2160 ut
464 2095 551 2159 haee
571 2093 700 2159 tubaria
722 2093 925 2178 gravidine,
954 2095 1111 2159 intestino
1139 2107 1194 2158 aut
1225 2115 1290 2158 ιιιιο
1322 2105 1379 2157 aut
1401 2092 1550 2178 pluribus
1574 2092 1693 2158 tumori
1715 2091 1867 2158 iliiuteri
1889 2113 2005 2158 acere·

253 2215 436 2296 scentibus,
460 2226 602 2278 mutetur
618 2214 651 2277 in
666 2210 908 2277 abdominalem
925 2211 1091 2296 quandam
1109 2211 1353 2290 secundariam,
1373 2230 1459 2296 quae
1475 2214 1709 2296 nonnunquam
1729 2211 1773 2275 ad
1787 2211 2005 2276 maturitatem

253 2333 366 2399 foetus
389 2333 573 2416 perdurare
596 2343 719 2416 potest.
763 2329 803 2395 Et
828 2329 896 2396 hoc
917 2331 1049 2415 quidem
1073 2330 1187 2416 plures
1208 2341 1381 2413 testantur,
1403 2350 1468 2415 quo
1488 2330 1520 2394 in
1538 2350 1676 2394 numero
1693 2327 2005 2415 Rokttanskyw)

255 2453 309 2537 qui
330 2463 436 2536 „post
456 2451 727 2535 graviditatem,“
747 2450 865 2534 inquit,
887 2451 1061 2532 „sedecim
1083 2452 1243 2515 mensium
1266 2448 1393 2527 scetus,
1421 2450 1476 2534 qui
1498 2450 1595 2514 etiam
1619 2461 1696 2534 post
1718 2469 1840 2514 nonum
1858 2468 2005 2514 mensem

155 2634 165 2651 ,
256 2570 388 2656 aliquod
408 2580 538 2654 tempus
562 2579 728 2645 creverat,
750 2587 826 2632 mox
846 2579 955 2633 tannen
979 2580 1150 2634 emortuus
1164 2582 1247 2647 erat,
1269 2589 1353 2680 qavo
1373 2569 1557 2633 abdominis
1573 2567 1775 2655 saeculoque
1788 2567 1915 2654 apertis
1930 2566 2005 2632 inde

258 2691 393 2755 excisus
413 2689 498 2753 est.“

420 3105 483 3172 Hie
515 3108 609 3193 quasi
635 3111 668 3171 in
695 3108 834 3172 transitu
862 3127 970 3192 pauca
1004 3108 1157 3173 addenda
1185 3119 1261 3172 sunt
1287 3107 1328 3172 de
1359 3108 1501 3194 quadam
1531 3107 1740 3194 graviditetis
1766 3106 1882 3194 specie
1908 3106 2005 3171 nobis

258 3224 355 3290 vaide
381 3236 549 3310 suspecta.
592 3225 713 3290 Dicunt
736 3228 819 3290 enim
842 3225 987 3292 nonnulii
1011 3239 1187 3305 auctores,
1214 3227 1377 3290 interdurn
1400 3227 1454 3291 ovi
1477 3226 1613 3292 alteram
1638 3227 1820 3312 partemin
1843 3225 1939 3303 tuba,
1960 3224 2006 3289 ai·

257 3359 362 3408 teram
383 3345 414 3409 in
438 3364 524 3408 cavo
547 3345 632 3408 uteri
655 3365 744 3412 esse.
788 3345 882 3410 Hanc
903 3347 1100 3432 gravitatem
1123 3345 1407 3410 utero-tabariam
1429 3343 1648 3419 (Dezeimeris
1670 3364 1874 3431 „grossesse
1895 3356 2006 3408 utero·

258 3464 425 3546 tubaire“)
445 3474 577 3528 vocant.
618 3463 691 3527 Jam
716 3484 796 3528 vero
819 3485 882 3530 nos
906 3464 971 3529 boc
991 3466 1121 3550 quidem
1143 3486 1209 3529 non
1225 3464 1412 3543 infitiamur,
1434 3464 1511 3529 nihii
1531 3466 1679 3543 obstare,
1702 3465 1878 3551 quominus
1893 3463 2007 3549 primis

258 3583 428 3646 mensibus
451 3601 490 3645 eu
512 3581 718 3667 graviditatis
739 3584 889 3666 species,
920 3605 1017 3669 quam
1037 3583 1082 3648 illi
1104 3585 1374 3649 tubo-uterinam
1401 3584 1532 3668 dicunt,
1558 3587 1692 3670 possit
1714 3586 1898 3650 exsisteret
1930 3585 2006 3648 ob·

259 3712 468 3764 servatam
492 3719 585 3763 esse
608 3699 718 3764 adhuc
741 3722 911 3786 negamus.
931 3703 1027 3777 Quod
1040 3702 1373 3789 quojureiaciomus‚
1394 3705 1513 3788 paucis
1530 3705 1763 3788 exponendum
1776 3716 1839 3770 est.
1865 3704 2005 3768 Primum

259 3819 366 3904 igitur,
389 3839 486 3904 rpuum
510 3830 668 3883 auctores
691 3837 837 3899 narrent,
859 3834 891 3884 et
911 3833 1058 3885 maturos
1079 3819 1191 3886 foetus
1214 3833 1246 3886 et
1269 3823 1507 3907 propemodum
1529 3835 1676 3888 maturos
1691 3824 1845 3887 inventos
1863 3842 1942 3887 esse
1961 3823 2005 3886 ita

258 3939 353 4015 sitos,
376 3949 411 4001 ut
434 3950 467 4000 et
488 3938 518 4000 in
543 3938 621 4001 tuba
638 3951 670 4002 et
687 3939 719 4001 in
742 3951 836 4003 utero
854 3952 978 4018 essent,
1001 3960 1063 4003 nos
1081 3941 1211 4004 minime
1228 3942 1405 4018 credimus,
1427 3943 1539 4006 tubam
1556 3954 1730 4027 tantopere
1744 3942 1878 4007 extendi
1893 3960 2012 4027 posse,

259 4068 294 4120 ut
315 4068 476 4120 maturum
498 4055 621 4121 foetum
646 4060 826 4136 contineat,
848 4059 880 4121 id
906 4059 992 4144 quod
1008 4059 1079 4144 jam
1103 4079 1206 4143 supra
1228 4060 1422 4127 monuimus.
1466 4060 1548 4124 Tum
1571 4059 1626 4125 iiia
1648 4059 1856 4146 graviditatis
1871 4059 2004 4145 speeies

260 4174 454 4261 pierumque
474 4197 541 4240 non
564 4175 713 4241 dissecto
738 4198 884 4262 corpore
907 4176 1077 4263 oculisque
1100 4178 1278 4243 anatomici
1302 4191 1449 4263 patente,
1478 4180 1540 4244 sed
1567 4180 1642 4243 viva
1670 4178 1804 4244 muliere
1825 4199 1923 4244 mauu
1945 4199 2006 4264 per

259 4295 411 4377 vaginam
434 4295 465 4356 in
489 4306 616 4358 uterum
640 4307 837 4378 penetrante
860 4298 1039 4362 observata
1062 4315 1140 4361 esse
1163 4297 1290 4361 dicitur.
1336 4296 1372 4361 Si
1396 4297 1537 4384 denique
1559 4309 1653 4373 siunt,
1684 4298 1739 4385 qui
1762 4317 1835 4362 cam
1858 4299 2005 4383 speeiem

262 4471 467 4481 *ιιι-...-
633 4470 675 4478 -

425 4572 472 4638 46)
492 4571 655 4623 Sebmitte
687 4571 921 4640 Beobacbtungen
951 4571 1000 4622 der
1033 4571 1059 4622 k.
1082 4571 1109 4622 t.
1132 4572 1203 4624 med.
1232 4573 1355 4642 chirurg.
1389 4573 1687 4641 deceptis-Aimdemie
1718 4574 1744 4626 io
1776 4572 1862 4625 Wien.
1909 4573 1958 4624 Bd.
1985 4573 2006 4625 1.

260 4657 331 4709 Tm.
352 4656 477 4709 121801.

424 4744 472 4800 41)
492 4741 619 4793 Ηοιιιί
638 4741 739 4792 Archiv
757 4741 803 4793 irir
821 4743 891 4795 med.
911 4742 1042 4812 Erfabrg.
1061 4741 1136 4810 Sept.
1158 4743 1210 4794 trud
1229 4743 1288 4796 Oet.
1310 4748 1374 4795 1817
1399 4746 1450 4798 und
1471 4746 1498 4798 C.
1521 4746 1553 4797 G.
1572 4745 1694 4798 Carus:
1713 4762 1762 4797 zur
1781 4744 1870 4796 bohre
1889 4761 1940 4795 voa
1960 4744 2009 4795 der

262 4829 489 4900 Senaangemn.
510 4829 562 4879 und
583 4829 697 4880 Geburt.
733 4827 850 4898 Leipzig
872 4833 945 4881 teet.
983 4830 1033 4881 Bd.
1052 4830 1073 4882 1.
1093 4847 1158 4898 pag.
1176 4833 1220 4886 511.
1956 4854 1960 4859 ·

426 4917 473 4975 te)
494 4913 624 4979 Meyer:
650 4912 831 4980 Beseirreibg.
853 4915 929 4965 einer
952 4915 1064 4968 Gravid.
1091 4913 1220 4966 interstit.
1248 4914 1328 4966 uteri.
1373 4914 1447 4965 Brenn
1474 4917 1549 4965 18²5.
1594 4915 1630 4967 ei.
1650 4914 1722 4967 auch
1741 4915 1909 4967 Albeceia
1929 4915 2008 4969 Sais·

262 5002 364 5068 berger
381 4999 452 5051 med.
474 4998 598 5067 ebirurg.
617 4999 745 5067 Zeitnng.
784 5003 847 5050 1821
868 5018 893 5067 p.
903 5004 963 5052 41³.

427 5085 474 5149 te)
493 5082 627 5134 Arebiree
645 5083 790 5152 gdoeraies
808 5085 842 5136 de
859 5086 1008 5137 me‘deeine.
1045 5087 1198 5138 November
1219 5087 1292 5136 1023.

424 5172 470 5226 w)
491 5167 711 5238 Rekitaasby
732 5171 885 5224 Hsndboeb
907 5172 955 5222 111.
977 5175 1062 5238 poca
