4598 5932
1007 1486 1157 1551 Historia
1183 1482 1295 1548 morbi.

445 1671 557 1735 Morio
583 1670 626 1739 F.
650 1671 770 1737 ancilla
795 1671 956 1757 cauponis
979 1671 1171 1757 cujusdam,
1195 1671 1248 1735 die
1259 1671 1426 1754 {vicesimo
1455 1670 1578 1734 mensis
1593 1666 1671 1733 Julii
1689 1689 1802 1745 mane,
1829 1687 1928 1754 quum
1950 1685 2027 1748 pro-

280 1789 368 1853 xima
390 1803 490 1856 nocte
512 1790 620 1856 subito
645 1791 732 1856 malo
756 1802 914 1876 correpta
935 1803 1044 1874 esset,
1066 1791 1259 1856 tiosocomio
1281 1788 1381 1875 hujus
1402 1787 1494 1852 urbis
1518 1799 1656 1872 recepta
1677 1802 1738 1854 est.
1784 1784 1954 1868 Medicus,
1973 1782 2028 1869 qui

279 1917 378 1971 tracte
401 1909 446 1972 ad
467 1929 539 1973 eam
562 1911 746 1975 arcessitus
768 1922 858 1986 erat,
889 1929 949 1993 per
969 1908 1085 1973 literas
1110 1929 1172 1973 nos
1195 1909 1321 1987 docuit,
1354 1906 1523 1971 mulierem
1546 1909 1655 1972 subito
1683 1906 1891 1992 gravissimis
1916 1906 1948 1968 in
1970 1905 2027 1968 ab·

280 2025 410 2090 domine
443 2027 630 2106 doloribus,
667 2047 811 2105 nausea,
846 2029 985 2106 vomitu,
1023 2040 1193 2102 tenesmo,
1236 2025 1413 2091 diarrhoea
1448 2027 1564 2090 vexari
1604 2026 1761 2111 coepisse
1800 2026 1959 2112 brevique
1995 2027 2027 2088 in

279 2145 453 2209 maximam
479 2147 594 2210 virium
623 2147 882 2229 prostrationem
908 2147 1075 2214 incidisse.
1130 2146 1258 2221 Quibus
1290 2146 1392 2210 rebus
1421 2146 1564 2228 cognitis
1596 2165 1634 2210 se
1664 2144 1829 2230 ejusmodi
1862 2144 2028 2221 remediis,

279 2261 388 2348 qualia
407 2264 439 2327 in
464 2265 571 2329 dubiis
592 2265 716 2330 morbis
738 2265 889 2329 adbiberi
912 2263 1061 2330 solerent
1084 2266 1197 2349 (quam
1221 2264 1425 2329 curationem
1448 2263 1560 2328 dicunt
1581 2261 1797 2347 palliativam)
1819 2285 1914 2329 usum
1938 2285 2028 2342 esse,

279 2403 378 2467 quum
400 2401 509 2467 caupo
531 2384 703 2469 petiisset,
729 2397 765 2448 ut
790 2394 928 2468 aegrota
957 2402 1055 2467 quam
1078 2384 1217 2467 primum
1239 2382 1272 2446 in
1295 2382 1524 2447 nosocomium
1547 2393 1745 2467 portaretur.

447 2710 542 2784 Quae
567 2721 659 2775 esset
681 2710 785 2774 morbi
809 2729 911 2774 causa
936 2721 1075 2795 atquae
1098 2721 1234 2791 natura,
1270 2728 1311 2772 ex
1339 2711 1513 2793 responsis
1538 2720 1717 2794 aegrotae,
1751 2729 1866 2794 quam,
1902 2719 1936 2772 ut
1955 2709 2026 2794 jam

280 2827 438 2906 diuinitus,
459 2806 550 2893 vires
574 2848 680 2912 paene
701 2848 842 2912 prorsus
863 2826 1060 2906 deficerent,
1080 2828 1181 2893 statui
1203 2847 1268 2890 non
1292 2828 1409 2911 potuit.
1453 2827 1503 2891 Ea
1524 2838 1652 2910 tamen,
1673 2847 1760 2913 quae
1782 2827 1888 2892 oculis
1911 2846 2025 2893 cerne·

278 2945 412 3022 bamus,
435 2964 508 3010 cum
531 2945 718 3031 legentibus
741 2947 988 3011 communicare
1010 2966 1136 3031 operae
1155 2947 1294 3030 pretium
1315 2945 1444 3010 videtur
1465 2966 1554 3012 esse.
1596 2945 1676 3010 Erat
1694 2947 1792 3032 igitur
1815 2945 1931 3012 mulier
1953 2967 2026 3010 cor-

277 3085 361 3149 pore
382 3066 539 3143 robusto,
569 3066 724 3131 membris
746 3076 886 3130 venuste
909 3067 1119 3152 compositis,
1151 3065 1289 3130 lacertis
1319 3065 1538 3151 cruribusque
1566 3065 1736 3130 teretibus.
1785 3065 1828 3129 Et
1851 3064 1937 3130 haec
1958 3066 2027 3151 qul·

278 3184 353 3249 dem
376 3183 462 3248 malo
491 3204 556 3247 non
579 3182 651 3247 fere
681 3183 849 3249 immutata
870 3197 975 3250 erant.
1017 3184 1138 3251 Facies
1159 3197 1293 3260 contra,
1322 3184 1355 3247 in
1377 3203 1442 3269 qua
1463 3186 1514 3247 vis
1537 3183 1641 3249 morbi
1664 3184 1805 3247 maxime
1829 3184 2026 3268 apparebat,

279 3300 393 3368 colore
416 3301 603 3386 subpallidc
633 3317 705 3366 erat
733 3302 827 3368 simili
856 3324 974 3369 cerae:
1017 3325 1126 3391 genae
1161 3303 1352 3388 collapsaez
1394 3299 1480 3365 oculi
1508 3303 1603 3385 quasi
1632 3301 1823 3366 desidentes
1850 3304 1882 3366 in
1911 3303 2027 3366 orbitis

278 3420 393 3504 vigore
418 3417 665 3503 splendoreque
685 3420 868 3498 carebant,'
889 3419 1024 3505 pupillis
1046 3424 1229 3486 etiamtum
1249 3419 1472 3487 imitabilibus.
1527 3418 1631 3484 Labie
1653 3420 1793 3507 alaeque
1814 3423 1888 3486 nasi
1909 3421 2026 3486 colore

279 3557 408 3624 cyaneo
431 3548 536 3602 erant.
579 3536 686 3610 Quum
709 3540 888 3604 accederet
910 3537 1058 3603 adhaec
1082 3540 1196 3625 signa,
1218 3541 1307 3625 quod
1331 3539 1506 3623 respiratio
1526 3539 1639 3603 brevis
1660 3551 1694 3603 et
1715 3538 1814 3606 valde
1836 3538 2026 3606 accelerata

278 3668 366 3733 erat,
399 3675 563 3742 quumque
586 3655 617 3718 in
641 3657 798 3721 universo
819 3659 970 3741 corporis
990 3657 1104 3722 habitu
1133 3659 1184 3723 vis
1206 3657 1280 3722 mali
1304 3657 1466 3734 eluceret,
1498 3657 1661 3722 neminem
1683 3656 1832 3743 fugiebat
1854 3675 2025 3744 aegrotam

277 3774 475 3860 gravissimo
501 3775 586 3839 unuln
610 3774 805 3840 conflictari.
850 3776 1013 3841 Sensibus
1037 3777 1122 3840 enim
1145 3777 1239 3863 quasi
1261 3777 1436 3862 oppressis
1459 3796 1565 3860 paene
1591 3787 1754 3860 perpetuo
1777 3789 1908 3843 comate
1927 3799 2025 3865 urge-

278 3896 391 3976 batur,
412 3914 454 3957 ex
476 3916 541 3979 quo
565 3908 631 3958 tum
653 3895 752 3958 modo
774 3895 805 3958 in
829 3895 981 3979 exiguum
1005 3906 1136 3979 tempus
1159 3897 1383 3975 excitabatur,
1407 3917 1504 3982 quum
1523 3915 1643 3981 magna
1662 3916 1749 3960 voce
1775 3896 1896 3983 aliquid
1918 3920 1960 3962 ex
1984 3918 2025 3962 ea

277 4015 530 4099 quaerebamus.
579 4012 688 4086 Quum
710 4024 814 4077 tutum
841 4034 983 4096 corpus,
1012 4023 1079 4075 tum
1107 4013 1265 4096 imprimis
1293 4023 1461 4077 extremae
1491 4025 1606 4097 partes
1628 4011 1768 4096 frigidae
1795 4027 1906 4078 erant:
1941 4016 2025 4079 cutis

278 4146 350 4198 erat
372 4131 494 4218 pallida
518 4144 549 4195 et
573 4153 689 4208 cerea,
710 4134 834 4198 sudore
857 4132 977 4218 frigido
1000 4133 1143 4196 obtecta.
1190 4131 1310 4196 Pulsus
1332 4131 1430 4196 valde
1452 4130 1679 4214 acceleratus,
1708 4152 1854 4216 myurus.

946 4337 953 4343 .
962 4337 970 4343 .
980 4335 1351 4345 ——--—---—--—

443 4462 551 4536 Quum
575 4471 745 4546 aegrotam
761 4461 938 4525 identidem
952 4480 1183 4543 magnavoce,
1202 4479 1287 4546 quae
1299 4461 1452 4545 corporis
1463 4479 1543 4544 pars
1559 4459 1696 4542 doleret,
1708 4463 2023 4546 interrogassemus,

280 4582 410 4646 tandem
433 4580 530 4645 fusca
554 4593 587 4645 et
608 4598 793 4667 suppressa
809 4599 913 4657 voce,
942 4600 981 4643 se
1004 4579 1302 4645 vehementissimis
1331 4581 1363 4645 in
1393 4580 1569 4645 abdomine
1597 4580 1768 4645 doloribus
1798 4581 1944 4665 torqueri
1972 4601 2023 4644 re·

278 4701 429 4785 spondit:
451 4700 506 4764 vix
526 4710 635 4764 autem
651 4699 717 4763 hoc
730 4699 871 4775 dixerat,
891 4718 988 4783 quum
1004 4719 1122 4763 rursus
1140 4698 1172 4762 in
1187 4719 1283 4763 coma
1300 4700 1430 4765 recidit.
1475 4699 1526 4763 Ex
1543 4721 1608 4783 quo
1625 4711 1746 4782 tamen,
1760 4700 2023 4785 quotiescunque

279 4820 429 4905 quamvis
447 4817 565 4883 leniter
585 4819 768 4904 leviterque
786 4818 971 4882 abdominis
993 4818 1249 4902 integumentum
1279 4830 1312 4883 et
1335 4820 1533 4902 praesertim
1561 4819 1729 4902 regionem
1759 4818 2023 4882 ilio-coecalem

279 4942 508 5022 tangebamus,
530 4939 737 5003 excitabatur
748 4939 781 5002 vi
803 4936 1080 5002 vehementissimi
1095 4937 1220 5002 doloris
1245 4938 1464 5003 miserabilem
1480 4936 1659 5002 clamorem
1683 4936 1903 5020 exprimente:
1926 4957 2022 5001 manu

279 5071 386 5122 tamen
409 5054 540 5122 sublata
554 5078 670 5122 rursus
688 5067 819 5122 comate
841 5057 1098 5139 opprimebatur.
1142 5056 1249 5131 Quam
1262 5058 1305 5122 ob
1324 5077 1393 5121 rem
1406 5058 1592 5134 statuimus,
1615 5074 1713 5141 quam
1727 5057 1781 5122 diu
1795 5057 1850 5121 hic
1870 5059 2023 5141 corporis

278 5190 385 5244 status
407 5187 510 5254 esset,
531 5176 694 5241 abdomen
710 5176 878 5261 tangendo
901 5176 1181 5262 percutiendcque
1202 5195 1268 5240 non
1287 5177 1491 5263 perquirere.
1536 5174 1719 5242 Videbatur
1741 5189 1852 5243 autem
1865 5177 2022 5244 circuitus
