4598 5932
1125 353 1177 429 27

983 461 1297 471 ---.-.-.-

273 590 334 654 bus
356 590 429 674 ejus
451 589 601 673 partibus
624 589 790 669 paullatim
814 587 949 669 deletis,
971 590 1104 652 ossibus
1127 586 1256 652 solutis.
1305 587 1368 650 Per
1382 598 1483 651 totum
1501 587 1606 669 ipsius
1627 585 1737 649 loetus
1755 608 1878 672 eorpus
1898 589 2017 674 avique

272 708 403 771 tunicas
414 718 448 773 et
464 704 618 791 liquidum
636 706 758 789 pingue
775 706 940 791 quoddam
955 718 987 769 et
1003 706 1233 790 crystallorum
1250 706 1395 789 speciem
1412 706 1577 788 praebens
1591 704 1729 784 desidit,
1751 708 1827 771 item
1839 706 2018 792 ppotloiooq.

271 827 350 890 ltem
373 829 404 891 in
426 827 481 891 ovi
502 824 621 888 tunicis
644 836 677 887 et
697 825 728 888 in
752 826 936 889 substantia
968 824 1076 889 laetus
1101 837 1286 889 nascuntur
1315 827 1483 910 pigmenta
1512 822 1619 901 ssavo,
1656 823 1789 909 diffusa,
1826 824 2017 912 granulosa,

271 945 521 1031 crystalloidea‚
543 964 644 1029 quae,
666 965 764 1029 quum
787 965 828 1007 ex
851 947 1013 1027 sanguine
1037 943 1146 1008 laetus
1160 954 1240 1007 nata
1256 944 1339 1026 siut,
1361 943 1523 1007 simillima
1539 941 1879 1010 sunthaematoidinis
1896 945 2018 1025 (Lob-

270 1065 423 1140 steinii,
442 1063 676 1142 Kirrhonosis)
690 1063 742 1142 87).
786 1063 1028 1147 Nonnunquam
1052 1064 1148 1126 etiam
1171 1062 1220 1137 lit,
1244 1074 1278 1125 ut
1301 1062 1410 1127 foetus
1433 1076 1601 1127 emortuus
1624 1076 1803 1126 exarescat
1825 1076 1857 1126 et
1879 1065 1920 1127 ad
1942 1085 2018 1149 spe·

226 1184 232 1202 '
271 1184 354 1246 ciem
378 1184 517 1246 mumiae
541 1182 727 1267 redigatur,
759 1195 894 1264 praeter
921 1181 1053 1263 pinguia
1084 1179 1267 1244 illaetiam
1296 1180 1402 1244 caloio
1432 1179 1649 1262 (Kalksalze)
1678 1193 1824 1245 crustam
1854 1181 2018 1249 efficiente

270 1312 359 1364 nato.
405 1300 452 1363 lta
475 1298 643 1386 paullatim
666 1298 778 1363 laetus
801 1311 943 1362 mutatur
965 1300 996 1362 in
1019 1298 1252 1384 lithopaedium
1273 1299 1361 1384 quod
1378 1299 1501 1363 dieunt.
1545 1299 1752 1384 Quamquam
1772 1302 1805 1364 id
1827 1299 2019 1388 plerumque

269 1422 336 1485 non'
357 1418 544 1503 perficitur,
568 1440 666 1504 quum
689 1419 887 1503 saepissime
902 1419 974 1503 jam
993 1432 1092 1482 antea
1111 1416 1223 1484 foetus
1245 1419 1396 1503 ejiciatur
1418 1438 1460 1482 ex
1481 1438 1625 1501 corpore
1649 1431 1705 1483 aut
1726 1431 1830 1484 mater
1853 1441 2018 1488 marasmo

269 1541 420 1603 intereat
475 1537 717 1622 Nonnunquam
747 1549 856 1601 tamen
885 1534 1120 1621 lithopaedium
1148 1535 1213 1601 tela
1239 1535 1401 1601 oellulosa
1427 1548 1460 1601 et
1488 1535 1614 1604 fibrooa
1639 1539 1734 1622 quasi
1762 1537 1941 1605 involutum
1964 1542 2018 1607 (liu

270 1657 343 1722 aiae
372 1656 493 1722 damno
523 1659 556 1720 in
584 1657 699 1722 matris
727 1677 872 1740 corpore
900 1657 1068 1720 retinetur.
1119 1655 1177 1722 sto
1196 1654 1225 1721 J.
1248 1655 1288 1720 G.
1311 1654 1464 1719 Walter
1481 1654 1522 1729 ⁸⁸)
1549 1653 1720 1734 laminam,
1753 1655 1876 1722 loetum
1904 1660 2020 1746 viginti

271 1777 355 1840 duos
376 1794 483 1840 anuos
502 1774 664 1841 ferentem
688 1775 783 1850 viclit3
824 1773 999 1839 Cheston
1016 1774 1060 1855 ⁸⁹)
1083 1773 1205 1839 loetum
1230 1774 1370 1851 invenit,
1401 1795 1498 1861 quem
1520 1775 1756 1861 quinquaginta
1784 1776 1867 1844 ‹luos
1894 1798 2018 1856 annom

270 1894 480 1979 Masoagni
499 1894 544 1977 ⁹⁰)
573 1915 669 1978 quem
699 1894 902 1978 quindecim:
944 1889 1223 1973 Bromfield01)
1247 1911 1344 1975 quem
1365 1911 1485 1957 novem
1507 1911 1614 1956 annos
1638 1904 1743 1957 mater
1763 1892 1852 1959 nullo
1876 1908 2017 1983 accepto

271 2014 392 2078 damno
411 2013 443 2076 in
464 2010 641 2076 abdomine
664 2024 865 2096 gestaverat.

275 2196 355 2204 ..-..
381 2193 482 2202 .—

434 2297 481 2370 ot)
501 2301 537 2353 of.
557 2301 715 2353 Virolnorr
736 2299 777 2350 ln:
799 2299 965 2368 wirzburg.
984 2298 1129 2350 Verlrtrntll.
1160 2297 1211 2348 ΙΙΙ.
1243 2316 1267 2364 p.
1282 2300 1343 2349 865.

434 2388 485 2535 ἓξ
504 2389 577 2525 ileil.
595 2472 664 2525 olrir.
683 2481 812 2524 tranaaot.
850 2470 961 2523 bandua
984 2472 1056 2522 1⁸⁰⁴.
1094 2468 1153 2523 l'ol.
1173 2467 1203 2521 l'.
1224 2487 1249 2536 p.
1268 2469 1328 2520 10⁴.

436 2561 484 2626 90)
505 2560 587 2610 llam.
605 2558 632 2608 di
654 2558 767 2610 l'oroaa.
803 2557 836 2608 T.
856 2558 911 2605 Nl,

437 2645 485 2712 91)
501 2644 574 2696 l’lril.
594 2652 722 2696 tranaart.
758 2643 788 2694 N.
805 2646 863 2693 ltu.
