4598 5932
1123 338 1276 434 aa.

270 588 313 634 ex
344 579 440 654 parte
474 569 687 655 peripheriea
717 570 906 636 allantoidie
933 570 1011 638 nibil
1031 572 1287 650 inveniebatur,
1318 575 1381 639 nisi
1410 573 1555 638 arteriae
1590 573 1623 637 in
1657 570 1804 637 funieulo
1842 566 2019 635 umbilieali

268 708 355 773 quae
383 709 426 754 ex
460 708 501 755 ea
524 687 699 773 profectae
729 701 834 755 erant
877 689 956 775 lpse
978 703 1089 758 autem
1109 690 1278 759 funiculus
1299 692 1414 758 chorio
1438 690 1645 757 adhaerebat
1664 711 1731 756 non
1754 688 1871 775 procul
1886 688 1930 753 ab
1947 708 2024 771 rup-

269 818 359 892 tura,
391 829 457 895 quo
488 808 565 874 loeo
601 828 644 873 ex
669 809 894 894 magnitudine
931 821 965 875 et
998 811 1203 878 multitudine
1237 833 1393 879 vasorum
1426 809 1670 896 intelligebatur
1701 808 1888 894 placentam
1923 807 2026 872 nasei.

270 926 456 994 Videbatur
491 927 592 1013 igitur
624 925 757 993 ovulum
790 948 869 994 ease
894 940 971 994 oete
994 929 1048 996 vel
1067 951 1188 996 novem
1210 932 1481 1016 septimanarum.

434 1045 530 1134 Ligg.
560 1047 644 1112 uteri
670 1046 737 1112 lata
768 1047 977 1131 permultas
1003 1048 1254 1135 pathologicaa,
1281 1070 1366 1136 quae
1394 1049 1522 1128 dicunt,
1550 1049 1763 1114 membranas
1794 1068 1868 1113 eum
1891 1044 2026 1123 oratis,

270 1166 368 1243 tubis,
390 1176 485 1231 utero
497 1165 620 1252 juneta
641 1177 747 1232 erant
791 1167 828 1231 ln
851 1165 906 1253 lig.
926 1169 1012 1234 uteri
1032 1167 1102 1234 lato
1124 1169 1260 1235 sinistro
1276 1180 1413 1254 praeter
1435 1165 1556 1233 multas
1571 1165 1795 1253 eeehynroaea
1814 1166 2027 1249 minoresque

269 1281 553 1370 mauseolum,
579 1285 634 1352 ubi
655 1283 713 1371 lig.
728 1285 833 1352 orarii
856 1306 931 1352 eum
952 1287 1070 1353 uvario
1093 1284 1310 1366 eobeerebat,
1329 1287 1437 1373 major
1457 1296 1556 1372 ayata
1577 1285 1734 1365 rotunda,
1756 1284 1885 1372 liquere
1904 1300 2025 1349 aereae

269 1399 407 1482 resarta,
432 1416 515 1471 eret
558 1404 666 1471 Etiam
688 1402 775 1471 aliae
798 1416 935 1490 eystee,
957 1425 1073 1473 masaa
1092 1405 1279 1492 gelatiuosa
1301 1404 1463 1482 refertae,
1483 1403 1528 1469 ibi
1550 1404 1816 1471 inveniebantur.

436 1523 545 1600 Quum
561 1524 714 1591 danuam
736 1524 904 1604 aramum,
931 1536 1000 1592 tum
1027 1525 1187 1612 imprimis
1208 1524 1340 1592 laevum
1368 1523 1532 1608 aanguine
1559 1524 1753 1591 abundabat
1772 1534 1806 1590 et
1827 1519 2026 1608 corporibus

268 1640 366 1707 luteia
385 1642 574 1709 distinctum
588 1655 670 1709 erat.
714 1642 824 1709 Unum
847 1665 889 1709 ex
902 1644 1103 1728 corporibus
1122 1641 1222 1712 luteia
1244 1645 1276 1709 in
1292 1643 1427 1711 sinistro
1448 1644 1566 1710 orario
1580 1663 1708 1741 'recena
1727 1662 1806 1710 ease
1828 1639 2024 1727 apparebat.
