4598 5932
1152 305 1201 381 30

300 547 495 631 sanguinem
529 544 762 610 adhaerentem
796 565 1025 624 removemus,
1056 544 1101 611 ill.
1122 543 1328 610 Bor-delebere
1354 548 1488 612 advenit
1521 559 1554 612 et
1583 548 1703 611 deinde
1730 545 1924 611 dissectioni
1951 564 2051 629 prae·

297 665 365 729 luit.
419 665 501 728 'lum
525 665 709 751 praecipue
736 684 855 730 cavum
880 664 988 749 pelvis
1010 663 1174 750 sanguine
1196 664 1388 748 coagulato,
1411 666 1537 751 spisso,
1563 666 1659 751 nigro
1682 663 1840 729 refertum
1853 665 2051 749 reperimus.

298 783 374 856 Quo
394 794 522 847 remoto
548 784 581 847 in
608 794 705 869 parte
733 786 833 847 tubae
854 784 1010 849 sinistrae
1035 783 1165 846 uterina
1192 792 1351 847 tumorem
1379 785 1543 869 quendam
1567 781 1719 864 vidimus,
1747 784 1966 869 magnitudine
1998 784 2052 847 ovi

296 901 490 979 columbini,
519 904 569 967 cui
606 901 749 987 coagula
776 903 947 987 sanguinis
976 902 1079 967 artius
1102 900 1341 965 adhaerebant.
1395 901 1454 966 His
1478 923 1611 987 quoque
1634 904 1769 968 remotis
1796 903 2053 989 integumentum

299 1020 531 1107 peritonaeale
557 1033 591 1086 et
611 1020 679 1086 tela
706 1042 815 1106 prope
839 1023 881 1086 ad
907 1020 986 1086 illud
1008 1022 1073 1086 sita
1092 1019 1200 1084 lineas
1222 1019 1306 1083 duas
1326 1020 1359 1081 in
1380 1019 1630 1106 longitudinem,
1650 1022 1683 1087 in
1704 1021 1906 1087 latitudinem
1932 1020 2053 1086 lincam

294 1161 393 1204 unam
419 1143 601 1225 interrupta
628 1140 838 1205 videbantur.
893 1140 955 1204 llic
976 1140 1074 1225 igitur
1097 1136 1206 1202 fuerat
1230 1135 1507 1226 haemorrhagiae
1530 1139 1619 1205 sons.
1671 1140 1801 1205 Deinde
1820 1152 1939 1226 partes
1963 1141 2054 1225 gent-

297 1258 382 1323 tales
408 1261 560 1323 internae
587 1270 748 1323 exsectae
782 1271 814 1322 et
847 1258 1003 1343 superius
1031 1256 1168 1321 tumoris
1200 1256 1459 1342 integumentum
1483 1260 1515 1322 iu
1537 1257 1680 1343 specillo
1704 1270 1881 1338 excavato,
1906 1259 1995 1342 quod
2022 1259 2053 1321 in

297 1391 427 1463 partem
449 1391 608 1463 rupturae
632 1379 856 1443 introductum
879 1389 962 1452 erat,
990 1376 1193 1440 decussatim
1218 1375 1381 1442 dislissum
1402 1389 1465 1443 est.
1518 1378 1600 1442 'lum
1627 1375 1758 1443 foetum.
1780 1376 1887 1442 amnio
1915 1376 2053 1441 circurn-

298 1499 409 1562 datum
434 1498 620 1561 invenimus
647 1498 763 1560 eodem
788 1495 898 1573 modo,
921 1506 1021 1579 atque
1042 1495 1074 1557 in
1105 1493 1219 1559 tabula
1247 1502 1354 1561 aenea
1379 1497 1512 1583 adjecta
1547 1496 1799 1576 delineavimus,
1824 1495 2055 1560 animadverti·

298 1637 382 1681 mus.
440 1616 546 1679 Porro
578 1614 782 1680 dissectione
809 1612 897 1678 haec
931 1633 1064 1697 qnoque
1093 1613 1231 1679 inventa
1263 1627 1351 1680 sunt.
1412 1618 1447 1680 ln
1479 1618 1677 1701 peritonaeo
1712 1636 1754 1680 ne
1793 1636 1891 1680 unum
1924 1615 2055 1699 quidem

300 1734 564 1800 inflammationis
590 1734 765 1818 vestigium
794 1735 1014 1807 cernebatur3
1040 1732 1258 1818 diaphragma
1278 1733 1497 1799 vehementer
1521 1756 1655 1801 sursum
1676 1733 1834 1799 inflexum
1854 1746 1943 1809 erat3
1973 1753 2055 1798 ven-

302 1853 439 1919 triculus
469 1856 692 1917 membranam
720 1852 898 1938 'muco'sam
938 1851 1037 1916 valde
1076 1850 1234 1936 pallidam
1268 1851 1432 1933 habebat,
1470 1873 1556 1937 quae
1584 1855 1626 1916 ad
1664 1852 1784 1918 lienem
1819 1851 2055 1937 aliquantulum

298 1975 448 2039 rubebat.
502 1971 719 2036 Membranae
748 1990 907 2035 mucosae
935 1969 1114 2056 glandulae
1137 1973 1316 2037 tumebant.
1368 1971 1511 2037 Tractus
1536 1971 1761 2037 alimentarias
1788 1970 1865 2036 nihil
1889 1969 2055 2036 insolitum

298 2090 460 2178 praebuit.
511 2090 593 2153 Lien
618 2102 690 2153 erat
715 2109 863 2174 parvus,
895 2088 1014 2168 laxus,
1046 2089 1208 2174 pallidus:
1237 2089 1432 2154 trabeculae
1465 2092 1539 2177 ejus
1565 2090 1765 2176 pellucidae.
1817 2088 2054 2155 Adhaesiones

299 2210 458 2296 quasdam
482 2208 685 2293 antiquiores
719 2208 752 2270 in
776 2206 900 2292 hepate
932 2208 1134 2289 invenimus,
1157 2208 1387 2294 parenohyma
1420 2210 1493 2297 ejus
1525 2207 1625 2273 valde
1651 2208 1808 2295 pallidum
1832 2219 1923 2283 erat3
1947 2208 2054 2293 digitis

297 2328 471 2413 impressis
495 2326 666 2411 sanguinis
691 2324 874 2391 transfusio
895 2338 968 2391 erat
994 2327 1139 2404 minima3
1165 2338 1298 2392 textura
1316 2326 1491 2414 granulata
1512 2339 1653 2414 propter
1674 2327 1869 2414 sanguinem
1897 2324 2055 2391 deficien-

298 2460 364 2512 tem
385 2447 440 2511 vix
468 2445 684 2510 animadverti
707 2456 850 2528 poterat.
904 2443 1110 2531 Superficies
1131 2444 1264 2531 hepatis
1289 2446 1437 2511 colorem
1464 2447 1665 2512 subviridem
1693 2458 1726 2510 et
1748 2444 1935 2511 subflavum
1954 2464 2053 2530 prae-

300 2568 411 2630 bebat.
478 2566 648 2629 Pancreas
683 2563 825 2627 maxime
855 2574 928 2626 erat
960 2562 1071 2627 laxum
1102 2581 1136 2628 et
1163 2562 1310 2629 colorem
1337 2564 1484 2630 habebat
1515 2584 1660 2630 cereum.
1704 2564 1810 2628 Etiam
1833 2563 1967 2628 sinister
1993 2582 2054 2626 ren

300 2682 398 2748 valde
413 2681 511 2747 laxus
528 2695 609 2761 erat,
637 2684 755 2745 ‹lexter
779 2680 879 2745 multo
899 2680 976 2767 plus
1003 2683 1175 2768 sanguinis
1202 2703 1298 2767 quam
1336 2683 1470 2748 sinister
1494 2684 1694 2747 continebat.
1748 2679 1927 2745 Pulmones
1953 2679 2054 2745 levis-

299 2801 387 2875 simi;
421 2819 535 2885 margo
562 2797 754 2884 pulmonum
779 2802 950 2863 amborum
978 2801 1124 2865 anterior
1158 2800 1406 2887 emphysemate
1437 2799 1558 2885 plenus
1582 2811 1665 2865 erat.
1718 2797 1838 2864 Lobuli
1860 2798 2052 2884 pulmonum

299 2918 477 2983 inferiores
505 2918 668 3003 sanguine
702 2937 824 2982 seroso
852 2916 1015 2998 intiltrati,
1046 2920 1167 3003 ubique
1200 2929 1312 2984 tamen
1346 2919 1415 2984 aeri
1445 2919 1550 3004 pervii
1580 2930 1692 2994 erant3
1728 2915 1862 2982 lobulus
1887 2915 2053 3002 pulmonis

304 3041 411 3104 dextri
437 3036 575 3102 inferior
601 3035 678 3122 plus
702 3038 886 3123 sanguinis,
912 3058 1009 3122 quam
1035 3039 1169 3104 sinister
1195 3040 1395 3104 continebat.
1448 3039 1484 3102 ln
1509 3036 1699 3122 plenrarum
1724 3036 1835 3101 saccis
1858 3037 2054 3100 exsudatum

301 3157 435 3243 aliquod
467 3166 639 3220 cruentum
672 3166 706 3219 et
734 3175 889 3220 serosurn
916 3167 997 3220 erat.
1034 3192 1069 3205 -—
1109 3155 1204 3222 Vasa
1234 3158 1347 3224 cordis
1381 3158 1542 3244 sanguine
1565 3158 1746 3232 carebant;
1773 3155 1960 3220 substantia
1980 3156 2055 3242 ejus

300 3277 395 3356 laxa,
423 3276 653 3354 llaccescens,
683 3295 766 3339 caro
791 3274 990 3341 muscularis
1011 3276 1111 3342 valde
1137 3277 1279 3364 pallida3
1308 3297 1398 3343 rena
1420 3296 1508 3341 cava
1532 3274 1670 3340 inferior
1691 3273 1834 3360 coagulo
1855 3294 1978 3359 magno
2001 3293 2056 3337 re-

302 3394 390 3459 ferta
415 3405 499 3471 erat,
523 3395 611 3478 quod
636 3395 669 3458 in
696 3394 814 3458 atrium
839 3395 990 3459 dextrum
1003 3396 1190 3480 pertinebat
1214 3397 1314 3481 idque
1331 3416 1474 3481 prorsus
1494 3393 1705 3480 repleverat3
1726 3389 1927 3477 superficies
1941 3402 2056 3477 poste-

302 3515 369 3578 rior
383 3512 455 3577 atrii
473 3512 580 3576 dextri
607 3514 650 3576 ad
664 3533 782 3577 venam
800 3532 918 3576 cavam
945 3515 1154 3597 superiorem
1176 3536 1298 3581 versus
1314 3525 1388 3579 erat
1408 3512 1553 3599 pallida;
1579 3514 1611 3577 in
1634 3510 1820 3577 ventriculo
1843 3513 1962 3575 dextro
1976 3530 2057 3575 coa-

305 3631 384 3719 gula
419 3630 558 3715 exigua,
592 3630 752 3696 valvulae
789 3632 901 3696 cordis
933 3630 1121 3709 normales3
1161 3634 1193 3696 in
1228 3633 1310 3697 atrio
1346 3633 1483 3698 sinistro
1516 3653 1584 3697 non
1617 3632 1882 3696 inveniebantur·
1903 3629 2057 3716 coagula.

301 3747 444 3814 Valvula
470 3748 640 3815 foraminis
664 3750 771 3816 oralis
793 3750 961 3836 pellucido
984 3764 1068 3830 erat,
1095 3749 1301 3818 ventriculus
1328 3764 1440 3815 tamen
1464 3750 1552 3814 alter
1579 3770 1653 3814 oum
1674 3748 1780 3814 altero
1808 3760 1968 3834 apertura
1988 3768 2056 3813 non

304 3870 504 3956 conjunctus
539 3880 621 3932 erat.
681 3870 716 3933 ln
746 3868 932 3933 ventriculo
966 3870 1100 3935 sinistro
1129 3871 1173 3935 ad
1197 3869 1356 3934 chordam
1379 3861 1547 3954 quandam
1574 3866 1730 3932 valvulae
1758 3869 1953 3952 ceteroquin
1979 3887 2056 3930 nor-

302 3987 394 4054 malis
418 3987 617 4063 tendineam,
643 3987 725 4051 satis
752 4008 893 4071 magnus
914 3987 1060 4074 polypus
1082 3991 1195 4055 cordis
1221 3990 1356 4074 spurius
1378 4009 1475 4074 quem
1503 3989 1626 4053 dicunt.

469 4113 563 4177 Caro
584 4115 685 4177 cranii
710 4126 827 4198 aperto
843 4116 926 4178 dura
948 4129 1053 4179 mater
1074 4115 1151 4180 nihil
1164 4128 1300 4200 praeter
1315 4128 1437 4181 statum
1461 4113 1643 4179 naturalem
1667 4113 1869 4198 praebebat;
1890 4112 1922 4176 in
1944 4110 2056 4176 lobnlo

304 4234 435 4300 cerebri
457 4233 593 4297 sinistro
617 4234 725 4295 medio
756 4232 932 4298 nonnullae
956 4234 1200 4313 adhaesiones,
1230 4237 1262 4300 in
1284 4238 1357 4300 sinu
1378 4231 1606 4319 longitudinali
1628 4233 1771 4318 coagula
1789 4250 1909 4316 parva,
1929 4231 1962 4296 in
1984 4231 2058 4316 ejus

304 4354 491 4439 posteriore
515 4365 608 4434 parte
631 4352 720 4416 haud
745 4355 864 4438 exigua
889 4354 1060 4437 sanguinis
1086 4355 1170 4439 nigri
1201 4354 1300 4439 copia
1329 4354 1463 4417 inventa
1485 4365 1546 4417 est.
1588 4350 1773 4418 Cerebrunr
1795 4351 1902 4436 ipsum
1923 4369 1988 4414 non
2012 4352 2058 4414 ita

306 4492 480 4555 exsangue
508 4485 592 4538 erat.

920 4640 1102 4729 Descriptio
1123 4642 1223 4730 ipsius
1243 4641 1442 4728 praeparati.

472 4806 721 4889 Praeparutum,
744 4809 831 4894 qnod
855 4828 913 4885 ea,
937 4829 1002 4893 qua
1023 4824 1092 4895 est,
1115 4830 1270 4876 mensura
1294 4806 1492 4872 delineatum
1513 4804 1593 4871 huic
1614 4802 1925 4870 dissertatiunculae
1946 4803 2057 4890 adjici-

304 4946 392 5008 mus,
418 4938 551 4990 constat
573 4948 613 4990 ex
639 4942 751 5005 utero,
783 4928 878 5013 cujus
900 4929 1013 5010 paries
1036 4931 1201 5012 posterior
1222 4929 1264 4992 ab
1286 4925 1414 4990 criticio
1438 4936 1577 4990 externo
1597 4943 1706 5010 usque
1727 4923 1772 4987 ad
1792 4921 1928 4988 fundum
1952 4922 2057 4989 disse·

304 5058 377 5110 ctus
400 5055 464 5121 est,
487 5046 574 5108 tubis
598 5044 813 5130 Fallopianis,
836 5046 973 5111 sacculo
995 5047 1119 5113 foetum
1143 5047 1345 5123 continente,
1368 5043 1444 5129 ligg.
1463 5045 1548 5108 uteri
1569 5042 1657 5126 latis,
1679 5042 1804 5108 orariis
1826 5061 1868 5108 cx
1890 5060 1953 5109 sua
1974 5044 2059 5108 sede

306 5166 351 5227 ita
373 5164 533 5239 demotis,
555 5174 589 5227 ut
612 5165 832 5248 dependeant.
