4598 5932
1300 297 1349 372 32

611 527 725 592 Tabae
748 545 809 608 per
835 527 1043 592 membranas
1066 527 1226 612 quasdam
1249 550 1291 593 ex
1314 531 1583 615 peritonaeitide,
1612 551 1678 615 qua
1696 529 1812 595 mulier
1834 530 1999 616 quondam
2023 529 2196 595 laborave-

442 657 509 723 rat,
545 645 700 710 residuas
725 645 769 708 ita
797 664 869 706 cum
893 656 1005 720 utero,
1040 642 1115 731 ligg.
1138 645 1212 728 ejus
1235 645 1324 725 latis,
1358 651 1483 715 ovariis
1508 650 1708 736 conjunctae
1737 661 1847 727 eraut,
1887 661 1921 713 ut
1943 668 2077 713 cursum
2100 669 2195 713 suum

442 762 629 828 flexuosum
651 777 719 829 turn
741 783 872 849 quoque
896 763 1100 842 obtinerent,
1121 784 1219 848 quum
1242 784 1302 827 eas
1324 786 1420 830 mann
1444 768 1703 832 extenderemus
1724 779 1757 831 et
1780 769 2043 852 produceremus
2065 766 2127 849 (cf.
2147 779 2195 831 ta·

441 883 550 947 bulanr
573 885 739 964 aeneam).
785 882 933 948 Dextera
958 884 1048 960 tuba,
1072 901 1159 967 quae
1181 885 1296 966 pervia
1321 899 1404 969 erat,
1426 901 1569 971 quatuor
1584 887 1705 970 digitos
1728 897 1801 950 erat
1824 885 1932 971 longa.
1975 886 2102 950 Eadem
2123 899 2196 950 erat

440 1002 595 1068 sinistrae
616 1005 716 1067 tubae
738 1021 903 1066 mensura.
952 999 992 1063 Et
1025 999 1122 1085 hujus
1152 1001 1282 1084 quidem
1311 1004 1486 1067 oviductus
1514 1003 1626 1066 tunica
1653 1004 1850 1067 muscularis
1872 1004 1996 1067 tumide
2021 1017 2094 1067 erat
2115 1023 2194 1068 san-

440 1124 605 1208 guineque
628 1122 835 1202 abundabat,
864 1121 940 1183 item
965 1120 1157 1183 membrana
1179 1139 1325 1183 mucosa.
1375 1120 1481 1185 Ovum
1503 1120 1739 1186 foecundatam
1763 1123 1859 1186 uobis
1889 1143 1925 1187 re
1948 1122 2094 1186 nondum
2113 1123 2196 1186 satis

440 1253 622 1328 perspecta
648 1241 823 1304 videbatur
851 1241 883 1303 in
911 1240 1010 1301 tubae
1038 1236 1145 1301 canali
1171 1237 1269 1323 juxta
1301 1239 1409 1322 ipsum
1439 1251 1567 1304 uterum
1596 1241 1629 1304 in
1652 1242 1707 1304 ovi
1735 1239 1912 1324 palumbini
1939 1241 2194 1325 magnitudinem

441 1372 600 1443 extenso,
636 1360 731 1423 situm
761 1379 854 1436 esse,
892 1358 936 1420 ita
959 1369 993 1420 ut
1020 1357 1203 1441 graviditas
1227 1359 1356 1422 tubaria
1379 1373 1481 1424 esset.
1535 1359 1616 1422 Post
1639 1359 1772 1444 aliquod
1799 1373 1929 1443 tempus
1957 1371 2193 1443 praeparatum

440 1479 577 1544 aethere
599 1478 793 1563 sulphurico
815 1488 1050 1541 conservatum
1073 1477 1115 1538 ad
1139 1474 1304 1538 theatrum
1323 1478 1543 1540 anatomicam
1566 1488 1702 1540 nostrae
1720 1477 1944 1540 universitatis
1967 1473 2110 1539 delatum
2133 1490 2194 1540 est.

440 1597 597 1663 Director
619 1597 718 1683 hujus
741 1597 889 1678 instituti,
911 1597 962 1659 vir
984 1592 1026 1658 ill.
1037 1592 1247 1674 senatres,
1268 1595 1510 1658 accuratiorem
1525 1596 1784 1680 disquisitionem
1797 1595 2120 1660 statnsabnurmalis
2138 1615 2190 1658 me

440 1728 620 1802 praesente
642 1717 831 1797 instituens,
853 1714 978 1796 reperit
1000 1713 1104 1777 haec:
1140 1732 1237 1777 ovum
1255 1732 1298 1775 ex
1321 1731 1424 1775 sacco
1440 1712 1511 1796 jam
1535 1724 1695 1777 remotum
1716 1732 1784 1777 non
1806 1713 1838 1776 in
1863 1711 1969 1776 canali
1993 1714 2110 1791 tubae,
2132 1713 2194 1778 sed

438 1837 470 1900 in
494 1836 621 1920 pariete
651 1835 724 1920 ejus
747 1833 931 1907 anteriore,
966 1832 1019 1915 qui
1049 1830 1148 1895 valde
1173 1829 1453 1915 hypertrophicus
1475 1843 1564 1909 erat,
1593 1832 1690 1895 situm
1721 1831 1893 1894 habuerat.
1945 1831 2080 1895 Cerialis
2108 1833 2194 1896 enirn

440 1957 538 2019 tubae
564 1954 609 2017 ita
633 1953 832 2016 decurrebat
859 1971 921 2035 per
949 1951 1109 2033 parietem
1138 1948 1283 2026 sacculi,
1313 1960 1474 2030 tutatus,
1506 1949 1656 2034 quamvis
1680 1951 1712 2013 in
1743 1950 1880 2034 regione
1903 1949 2028 2014 sacculi
2055 1951 2193 2034 incisus,

439 2074 573 2157 pervius
597 2084 698 2136 esset.
744 2069 846 2133 Porro
869 2067 1042 2132 sacculum
1066 2089 1131 2131 non
1155 2077 1271 2151 patere
1293 2069 1325 2130 in
1348 2066 1500 2131 canalem
1523 2068 1694 2152 apparuit,
1716 2087 1813 2152 quum
1829 2065 1941 2132 tubulo
1965 2069 1997 2133 in
2018 2069 2194 2133 oviductus

439 2193 559 2258 ostium
583 2187 793 2255 abdominale
813 2189 939 2252 inserto
961 2198 1064 2250 totum
1088 2184 1237 2249 canalem
1261 2185 1375 2268 spiritu
1406 2186 1552 2250 immisso
1576 2187 1710 2250 extendi
1736 2187 1935 2252 vederimus.
1979 2186 2193 2254 Manifestum

439 2311 524 2375 eninr
547 2319 635 2382 erat,
659 2305 687 2370 si
710 2304 868 2370 sacculus
890 2305 922 2367 in
947 2302 1096 2368 canalem
1120 2303 1297 2387 patuisset,
1320 2304 1469 2387 spiritum
1491 2305 1524 2367 iu
1548 2303 1719 2369 sacculum
1744 2305 1949 2370 evolaturum
1965 2305 2070 2372 fuisse
2086 2328 2193 2394 neque

439 2441 541 2493 toturn
565 2424 716 2490 canalem
740 2435 963 2487 extensurum.
1018 2423 1064 2486 lbi
1086 2441 1184 2503 vcro,
1218 2424 1272 2486 ubi
1298 2443 1395 2487 ovum
1419 2423 1450 2487 in
1476 2425 1575 2486 tubae
1598 2425 1743 2506 pariete,
1774 2445 1815 2489 ex
1843 2445 1908 2510 quo
1930 2427 1993 2490 sibi
2020 2426 2192 2491 sacculum

439 2549 592 2611 induerat
600 2596 610 2628 ,
632 2544 729 2606 situm
750 2542 931 2620 babuerat,
953 2562 1071 2606 cavum
1094 2541 1223 2605 sacculi
1243 2543 1285 2606 ab
1308 2544 1409 2608 tubae
1431 2541 1540 2606 canali
1562 2545 1753 2607 membrana
1776 2544 1943 2627 pertenui,
1978 2543 2043 2609 tela
2062 2567 2191 2611 muscu-

438 2666 512 2733 losa
533 2674 709 2730 constante
731 2664 917 2748 sejunctum
940 2673 1022 2724 erat.

603 2783 737 2846 luterna
760 2781 922 2864 parietum
949 2775 1076 2842 sacculi
1106 2777 1306 2859 superficies
1336 2776 1428 2842 fibris
1456 2779 1697 2844 muscularibus
1726 2777 1875 2844 laevibus
1905 2782 2107 2848 decussatim
2135 2785 2189 2848 de·

439 2903 646 2969 currentibus
669 2900 855 2964 constabat.
900 2899 953 2962 Ad
979 2897 1067 2961 hurrc
1088 2908 1212 2960 textum
1236 2896 1456 2961 muscularem
1482 2897 1547 2962 villi
1570 2897 1675 2963 chorii
1701 2899 1746 2961 ita
1769 2899 1996 2984 pertinebant,
2021 2915 2188 2967 attamen

438 3033 601 3105 pertenue
623 3017 821 3081 exsudatum
845 3015 1074 3099 interpositum
1097 3031 1198 3080 esset.
1241 3013 1437 3079 Membrana
1459 3037 1596 3081 mucosa
1617 3038 1683 3081 non
1707 3029 1779 3080 crat
1801 3018 1832 3081 in
1855 3018 2003 3085 sacculo.

603 3135 643 3198 lit
670 3135 816 3200 anterior
841 3132 970 3199 sacculi
999 3135 1110 3218 paries
1137 3145 1171 3196 et
1199 3135 1354 3216 superior
1382 3137 1558 3199 constabat
1586 3156 1627 3200 ex
1660 3139 1855 3219 peritonaeo
1878 3151 1911 3201 et
1935 3137 2002 3202 tela
2028 3139 2188 3206 cellulosa

439 3254 732 3340 subpetitonaeali‚
753 3266 895 3338 utroque
916 3255 949 3318 iu
972 3251 1224 3317 crassitudinem
1247 3265 1357 3336 aucto,
1381 3265 1414 3316 et
1434 3257 1519 3318 satis
1542 3275 1659 3319 crasso
1683 3254 1837 3320 fibrarum
1861 3257 2095 3322 muscularium
2117 3258 2186 3323 lae·

438 3378 525 3440 vium
551 3385 666 3440 strato.
712 3373 884 3437 Posterior
905 3373 1016 3456 paries
1038 3369 1165 3434 sacculi
1188 3371 1304 3435 similis
1326 3373 1457 3456 quidem
1479 3386 1671 3438 structurae
1693 3387 1776 3451 erat,
1800 3375 1859 3437 sed
1884 3376 2019 3441 minoris
2033 3379 2188 3442 crassitu-

440 3496 536 3574 dinis,
557 3492 656 3578 idque
674 3493 718 3555 ibi
740 3493 956 3576 potissimum,
979 3490 1033 3554 ubi
1047 3511 1145 3554 ovum
1161 3492 1203 3553 ab
1227 3491 1334 3554 canali
1357 3494 1549 3556 membrana
1574 3494 1725 3576 pertenui
1745 3493 1933 3577 sejunctum
1957 3493 2077 3562 fuerat.
2122 3497 2188 3561 La·

439 3613 557 3680 rnellae
583 3611 819 3696 peritonaealis
841 3630 882 3675 ca
906 3629 997 3693 pars,
1020 3629 1105 3695 quae
1128 3608 1285 3675 exfundo
1309 3614 1392 3675 uteri
1416 3613 1446 3675 in
1469 3611 1640 3676 sacculum
1653 3614 1775 3689 abibat,
1798 3611 1909 3695 paullo
1931 3616 2082 3680 crassior
2103 3629 2185 3681 erat.

439 3736 564 3800 Omnes
585 3729 711 3796 sacculi
732 3733 878 3814 parietes
901 3729 1114 3792 abundabant
1137 3731 1228 3793 vasis
1249 3729 1474 3815 capillaribus.
1520 3732 1648 3795 Passim
1679 3752 1739 3814 per
1768 3744 1870 3794 totum
1898 3742 2022 3797 tcxtum
2052 3738 2187 3820 sanguis

441 3875 482 3918 ex
505 3850 729 3916 minutissimis
749 3851 841 3914 vasis
869 3847 1007 3912 diffusus
1027 3861 1107 3911 erat.
1153 3848 1283 3934 Majora
1308 3861 1417 3913 autern
1448 3861 1481 3913 et
1502 3850 1598 3935 plura
1623 3869 1705 3912 vasa
1730 3864 1826 3912 erant
1854 3851 1884 3912 in
1907 3853 2093 3933 posteriore
2116 3873 2188 3916 sac·

440 3973 504 4037 culi
526 3971 672 4055 pariete,
701 3971 882 4053 praecipue
910 3967 942 4030 in
963 3986 1003 4031 ea
1027 3968 1100 4051 ejus
1123 3980 1237 4051 parte,
1261 3969 1314 4032 ubi
1337 3952 1492 4033 sacculus
1519 3967 1773 4052 haemorrlrngia
1796 3969 1948 4033 insecuta
1971 3984 2086 4055 ruptus
2104 3984 2186 4039 erat.

439 4093 473 4156 ln
495 4103 583 4156 statu
616 4089 740 4152 recenti
769 4098 856 4150 totns
885 4086 1040 4150 sacculus
1068 4085 1182 4151 colore
1208 4086 1268 4151 fuit
1290 4089 1457 4152 caeruleo.
1501 4088 1651 4172 Ruptura
1674 4086 1746 4162 illa,
1768 4108 1872 4171 quae,
1895 4101 1929 4150 ut
1944 4089 2016 4174 jam
2040 4091 2187 4173 diximus,

438 4214 469 4275 in
491 4209 680 4296 posteriore
705 4207 832 4290 pariete
855 4219 937 4283 erat,
962 4207 1046 4271 duas
1067 4206 1173 4270 lineas
1194 4205 1310 4290 longo,
1333 4228 1429 4271 unam
1453 4206 1519 4271 lata
1542 4218 1629 4271 erat:
1652 4206 1853 4292 marginibus
1876 4207 1960 4292 ejus,
1984 4209 2038 4292 qui
2062 4209 2187 4272 dentati

439 4343 544 4408 erant,
568 4328 772 4392 adhaerebat
792 4327 929 4410 sanguis
942 4325 1149 4411 coagulatus.
1193 4326 1270 4408 lpse
1292 4339 1429 4411 ruptura
1451 4338 1483 4391 et
1501 4347 1562 4409 per
1583 4324 1710 4389 sacculi
1725 4326 1885 4408 parietem
1907 4338 1940 4389 et
1957 4347 2017 4409 per
2037 4327 2186 4393 chorium

440 4449 610 4532 pertinens
634 4443 932 4531 sanguinareferta
947 4458 1027 4510 erat.
1070 4443 1193 4509 Choria
1214 4446 1245 4508 iu
1267 4443 1533 4510 formamcrucis
1553 4447 1658 4511 inciso
1671 4443 1876 4529 lacunisque,
1899 4466 1985 4530 quae
2005 4446 2050 4509 ita
2072 4445 2186 4511 factae

439 4579 546 4649 erant,
568 4566 716 4652 rejectis,
737 4566 877 4628 amnium
904 4565 1065 4648 integrum
1080 4565 1275 4642 invenimus,
1299 4565 1459 4650 liquorem
1475 4568 1635 4650 embryon
1659 4565 1844 4641 continens,
1867 4584 2006 4649 eamque
2027 4567 2186 4650 speciem,

440 4707 537 4772 quam
560 4687 591 4748 in
622 4683 734 4748 tabula
761 4683 895 4767 adjecta
929 4683 1184 4767 delineavimns,
1212 4687 1388 4770 praebens.
1412 4722 1446 4733 -
1473 4685 1606 4771 Enrbryi
1634 4698 1736 4769 caput
1763 4706 1824 4770 pro
1853 4685 2005 4768 corporis
2035 4685 2186 4768 portione

438 4807 614 4870 maximum
639 4817 720 4867 erat.
765 4802 963 4866 Rudimerrta
986 4802 1219 4887 palpebrarum
1240 4817 1274 4867 et
1295 4806 1420 4869 aurium
1444 4805 1646 4869 concharum
1671 4803 1898 4889 praeformata
1918 4804 2024 4867 visum
2047 4825 2113 4868 non
2135 4803 2185 4868 fu·

439 4924 583 5007 giebant.
630 4923 707 4985 ltem
733 4941 793 5004 per
817 4921 933 4985 vitrum
962 4923 1051 4985 initia
1080 4923 1255 5007 digitorum
1283 4925 1510 4988 cernebamus.
1555 4923 1719 4988 Genitalis
1742 4941 1882 4987 externa
1897 4923 1969 5006 jam
1992 4923 2087 4986 nnsci
2111 4945 2185 4988 coe-

439 5053 569 5126 perant,
594 5043 670 5104 item
693 5043 775 5105 rima
797 5043 827 5105 in
852 5043 904 5104 ani
929 5042 1076 5124 regione.
1120 5045 1231 5107 Arcus
1247 5040 1752 5127 branchinles(Kiemeubogen)
1769 5041 1840 5126 jam
1860 5053 2075 5106 evanuerant.
2118 5040 2145 5104 F
2147 5063 2183 5104 u·

437 5158 773 5226 niculusumbilicalis
795 5182 856 5226 sex
872 5160 977 5224 lineus
996 5160 1117 5244 longus
1141 5175 1220 5225 crat.
1267 5160 1423 5225 l'esicula
1446 5161 1642 5227 umbilicalis
1666 5161 1804 5246 reperiri
1827 5181 1892 5225 nou
1916 5172 2063 5244 poterat3
2086 5161 2182 5224 etiam
