4598 5932
1088 300 1139 378 22

347 532 516 622 Qumdo
537 545 665 600 ceterae
683 545 794 623 partes
812 535 970 625 genitales
990 544 1023 600 et
1042 544 1201 599 externae
1221 545 1253 600 et
1274 537 1424 600 internae
1446 535 1645 624 paviditate
1664 535 1895 599 exnacteriaa

1015 648 1216 740 afficiantur.

404 848 551 929 Uterus,
587 849 642 934 qui
675 870 761 915 onus
796 861 958 914 anatura
992 848 1035 912 ad
1063 869 1164 913 ovum
1198 845 1436 912 foecundatam
1466 849 1695 935 recipiendum
1726 859 1759 912 et
1788 847 1997 911 nutriendum

240 965 350 1035 lactem
383 981 448 1046 est,
477 968 576 1034 etiam
600 969 827 1032 extrautem'na
853 969 1052 1054 graviditate
1078 966 1236 1046 afficitur,
1269 980 1302 1033 et
1335 956 1467 1054 quidem
1494 991 1535 1035 eo
1563 969 1681 1056 magis,
1708 989 1775 1052 quo
1798 967 1938 1054 propius
1968 967 1998 1030 ei

241 1108 341 1153 ovum
366 1097 430 1155 eet.
483 1087 636 1174 Augetur
669 1087 767 1173 igitur
795 1088 880 1151 uteri
913 1089 1067 1168 ambitus,
1097 1088 1143 1152 ita
1171 1096 1207 1151 ut
1236 1099 1347 1153 teritus
1374 1087 1443 1168 fiat,
1467 1099 1610 1174 quantus
1632 1087 1798 1165 secundo,
1821 1098 1880 1151 ant
1901 1086 1998 1149 tertio

240 1207 391 1272 uterinae
424 1206 630 1292 graviditatis
664 1225 780 1269 mense
813 1204 901 1269 solet
937 1226 1026 1272 esse.
1087 1207 1201 1272 Portio
1235 1207 1400 1294 vaginulis
1436 1208 1522 1273 uteri
1554 1209 1586 1272 in
1627 1208 1763 1273 brevius
1796 1204 2001 1271 contrahitur

241 1325 438 1410 molliorque
459 1324 511 1390 fit:
536 1323 697 1390 orificium
732 1325 818 1388 uteri
852 1336 1025 1389 externum
1058 1326 1090 1389 in
1123 1327 1194 1391 dies
1229 1327 1335 1413 magis
1372 1328 1545 1413 magisque
1580 1327 1786 1392 rotundatur.
1850 1325 2001 1390 Parietes

241 1446 327 1510 uteri
348 1443 627 1520 musculosiores,
647 1440 830 1519 molliores,
854 1443 1026 1529 sanguinis
1061 1443 1232 1529 pleniores
1256 1443 1355 1521 iiunt3
1391 1444 1519 1511 canalis
1548 1447 1621 1533 eJus
1647 1441 1824 1510 cervicalis
1850 1462 2001 1507 nonnun-

243 1583 342 1649 quam
370 1583 483 1629 massa
514 1562 622 1627 vitrea
651 1571 685 1624 et
715 1559 905 1646 gelatinosa
934 1561 1173 1647 praecluditur.
1236 1562 1432 1628 Membrana
1468 1576 1578 1629 autem
1608 1583 1747 1629 rrrucosa
1780 1563 1866 1626 uteri
1889 1561 2001 1647 primis

243 1682 450 1770 graviditatis
476 1680 723 1747 extrauten'nae
751 1681 922 1745 mensibus
945 1679 1145 1766 plerumque
1168 1679 1245 1766 plus
1267 1700 1426 1747 vasorum
1450 1682 1711 1767 diametrumque
1738 1679 1879 1767 plurium
1898 1679 1999 1744 linea-

243 1822 314 1866 rum
332 1798 624 1885 habetlaxiorque
650 1810 714 1880 est,
735 1799 780 1863 ita
799 1808 835 1864 ut
860 1820 971 1885 paene
995 1797 1170 1885 perlectae
1198 1800 1360 1865 deciduae
1384 1813 1564 1887 pestutum
1588 1813 1718 1866 uterum
1733 1800 1882 1885 speciem
1904 1819 2002 1885 prae-

243 1923 338 1987 beat:
373 1941 461 2006 quae
496 1921 687 1984 membrana
720 1940 860 1986 mucosa
890 1942 968 1985 mox
1000 1921 1197 2006 graviditate
1229 1921 1455 1985 exnarrterina
1477 1921 1693 2006 provectiore
1718 1920 1850 1984 tenuior
1873 1930 1906 1983 et
1929 1916 2002 1982 fere

244 2038 422 2126 atrophica
449 2038 628 2103 invenitur.
687 2037 934 2122 Nonnunquam
966 2051 1077 2103 tamen
1112 2051 1192 2125 post
1220 2039 1364 2106 mulieris
1394 2051 1531 2104 mortem
1557 2059 1667 2125 neque
1688 2039 1832 2103 decidua
1851 2039 1884 2102 in
1907 2049 2002 2102 utero

244 2160 382 2225 iuventa
404 2128 608 2241 csa'neque
640 2156 716 2240 ipse
750 2168 866 2222 uterus
900 2159 1007 2245 major
1027 2155 1106 2236 fuit,
1140 2179 1238 2242 quam
1257 2159 1291 2222 in
1319 2157 1509 2223 mulieribus
1537 2179 1605 2222 non
1633 2158 1897 2243 praegnantibus
1924 2178 2003 2222 esse

245 2278 351 2346 solet:
384 2278 416 2342 id
449 2277 538 2363 quod
574 2272 664 2338 multi
689 2253 866 2354 testantur,
895 2295 961 2360 quo
987 2276 1020 2340 in
1048 2297 1186 2341 numero
1208 2266 1439 2364 Fleury⁶⁸),
1467 2278 1522 2363 qui
1544 2277 1578 2341 id
1602 2277 1633 2340 in
1657 2277 1854 2364 graviditate
1875 2277 2005 2341 tubaria

248 2397 456 2465 observavit.
516 2395 559 2459 m
590 2391 658 2458 hoc
690 2392 821 2477 quidem
857 2414 956 2477 quum
983 2396 1068 2460 satis
1096 2408 1280 2477 constaret,
1310 2397 1518 2474 exstiterunt,
1542 2396 1597 2479 qui
1624 2415 1679 2476 ea,
1702 2414 1789 2481 quae
1817 2397 2004 2461 decresse

250 2518 392 2582 decidua
425 2516 459 2580 in
480 2526 577 2579 utero
603 2511 741 2575 inventa
767 2511 979 2596 scripsimus,
1013 2533 1097 2577 vera
1130 2533 1210 2579 esse
1240 2525 1413 2600 negarent.
1471 2512 1590 2597 Neque
1621 2525 1731 2577 tamen
1760 2526 1866 2578 recte.
1918 2512 2005 2579 Fieri

251 2637 337 2702 enim
363 2646 490 2721 potest,
505 2644 552 2710 ut,
574 2641 753 2716 postquam
779 2628 872 2695 foetu
900 2644 1050 2697 emortuo
1071 2644 1187 2697 uterus
1214 2633 1331 2697 irritari
1356 2632 1464 2710 desiit,
1498 2652 1585 2716 quae
1620 2643 1720 2697 antea
1746 2643 1869 2697 mutata
1896 2648 2003 2709 erant,

248 2752 418 2841 paullatim
440 2752 484 2816 ad
512 2750 659 2835 priorem
685 2758 807 2812 statum
835 2769 976 2834 eamque
998 2751 1147 2835 speciem
1173 2752 1332 2831 redeant,
1366 2771 1452 2836 quae
1479 2761 1557 2816 ante
1582 2750 1813 2836 graviditatem
1836 2762 2002 2815 extraute·

249 2874 354 2940 mam
380 2870 450 2936 suit.
503 2868 638 2934 Minime
659 2867 755 2953 igitur
778 2869 894 2933 mirum
920 2881 990 2949 est,
1013 2871 1101 2954 quod
1124 2867 1308 2956 Ramsay
1335 2870 1451 2949 tertio,
1480 2859 1749 2956 Turnbull⁶⁴)
1775 2880 1872 2935 sexto
1890 2890 2006 2935 rnense

249 3001 330 3079 post
352 2987 478 3055 loetum
505 2997 689 3051 emortuum
715 2987 800 3065 uteri
823 2986 993 3052 circuitum
1015 3009 1082 3052 non
1117 2999 1250 3052 auctum
1273 2988 1490 3053 invenerunt:
1522 2986 1751 3052 multominus
1776 2988 1885 3066 etiam,
1917 2989 2006 3072 quod

251 3095 573 3195 Lospichler⁶⁰)
603 3115 702 3170 sexto
735 3125 842 3185 anno,
878 3097 1114 3189 Bianchi⁶⁶)
1147 3107 1276 3171 decimo
1303 3119 1441 3190 quarto,
1474 3105 1506 3170 J.
1529 3105 1570 3172 G.
1599 3095 1820 3190 Walter⁶⁷)
1847 3106 2007 3172 vicesimo

251 3227 358 3295 altero
385 3236 464 3311 post
488 3221 600 3289 foetus
626 3222 791 3287 interitum
817 3223 896 3288 nihil
915 3224 947 3288 in
970 3235 1066 3291 utero
1093 3237 1251 3291 mutatum
1267 3227 1476 3290 invenerunt.
1528 3225 1628 3299 Quod
1648 3246 1733 3290 vero
1761 3226 1903 3290 decidua
1929 3246 2007 3290 sae·

253 3345 390 3433 pissime
418 3363 485 3407 nou
519 3341 655 3407 inventa
682 3353 746 3422 est,
783 3353 917 3408 constat
942 3342 1031 3409 hanc
1056 3347 1284 3410 membranam
1306 3365 1373 3408 non
1400 3364 1479 3408 raro
1499 3343 1785 3408 contractionibus
1812 3344 2008 3428 quibusdam

252 3465 356 3543 uteri,
391 3460 563 3527 doloribus
591 3460 773 3547 ejusmodi,
801 3457 919 3544 quales
946 3461 977 3524 in
999 3475 1098 3547 partu
1125 3477 1220 3544 sunit,
1243 3462 1568 3549 haemorrhagiaque
1592 3464 1745 3527 insecuta
1767 3482 1830 3548 per
1855 3464 2010 3549 vaginam

256 3587 401 3673 ejectam
434 3600 524 3646 esse.
586 3579 794 3665 Quamquam
828 3579 1032 3664 antiquiores
1069 3581 1218 3648 nonnulli
1248 3593 1426 3662 auctores,
1454 3580 1547 3647 velut
1575 3581 1870 3647 Gambinns·et
1897 3582 2010 3646 Mer-

258 3692 434 3789 cidre⁶⁸)
460 3747 472 3777 ,
496 3718 629 3763 massas
656 3699 707 3763 sic
738 3700 866 3785 ejectas
889 3699 996 3765 molas
1024 3721 1115 3770 esse„
1132 3703 1356 3767 crediderunt.
1410 3700 1496 3775 Quin
1523 3702 1620 3765 etiam
1644 3700 1789 3781 fuerunt,
1814 3701 1868 3786 qui
1890 3721 2010 3767 secun-

257 3821 352 3886 dinas
375 3819 513 3884 alterius
540 3815 652 3882 foetus
680 3803 761 3882 esse
787 3819 955 3883 dicerent:
982 3820 1014 3883 id
1040 3823 1128 3904 quod
1155 3810 1443 3908 l)uverney⁶⁹)
1471 3818 1591 3905 aliique
1616 3817 1779 3884 iecerunt.

423 3934 485 3998 llic
505 3956 571 4000 non
596 3937 934 4019 praetermittendum,
961 3956 1024 4000 ovo
1047 3952 1225 4005 crescente
1248 3959 1323 4001 mox
1345 3950 1472 4001 uterum
1497 3937 1573 4000 loco
1596 3938 1745 4017 moveri,
1760 3949 1793 4002 et
1814 3939 1944 4023 quidem
1967 3939 2010 4003 ito

257 4054 462 4142 plerumque,
484 4067 519 4118 ut
541 4055 648 4137 portio
672 4055 745 4139 ejus
768 4055 930 4139 vaginulis
954 4070 1031 4140 post
1054 4057 1262 4144 symphysim
1285 4058 1410 4122 ossium
1434 4057 1529 4140 pubis
1552 4056 1602 4122 sit.

422 4296 470 4362 68)
490 4294 573 4348 Arch.
600 4295 633 4345 dc
658 4293 729 4343 Med.
757 4293 790 4342 de
818 4292 907 4345 Paris.
946 4295 1009 4348 lan.
1031 4299 1113 4357 leae,
1140 4297 1166 4348 in
1193 4296 1353 4348 Schmidt
1377 4294 1552 4346 Jahrlrticlrer
1574 4297 1618 4348 20.
1636 4295 1685 4347 Bd.
1705 4300 1731 4347 2.
1754 4295 1789 4346 fl.
1811 4315 1837 4363 p.
1856 4298 1908 4347 ²04
1934 4306 1961 4347 et
1987 4297 2013 4348 in

260 4384 362 4436 llemb.
383 4379 503 4433 Zeiterh.
520 4379 538 4431 f.
558 4379 582 4430 tl.
603 4396 663 4448 ges.
684 4379 755 4429 atel.
785 4383 810 4430 8.
831 4379 878 4430 Rtl.
903 4384 968 4430 1888
987 4399 1013 4449 p.
1032 4383 1094 4434 516.

423 4467 471 4539 61)
491 4464 682 4523 Tetrnbnli,
711 4463 755 4513 W·
782 4465 822 4525 1.,
849 4482 912 4517 cere
938 4466 971 4518 uf
992 4468 1177 4520 extreuterine
1204 4466 1342 4538 gestetion
1368 4465 1402 4518 ai
1424 4466 1471 4519 tlte
1491 4467 1597 4518 veniret
1616 4466 1695 4518 llind.
1732 4466 1817 4519 band.
1838 4469 1915 4516 11111.
1952 4466 2014 4520 Fui.

260 4571 322 4607 eum
341 4551 460 4605 inconib.

424 4638 472 4704 66)
492 4639 552 4689 Act.
571 4645 626 4687 nat.
641 4651 697 4686 cur.
733 4636 792 4686 Vol.
809 4635 852 4687 w.

424 4724 472 4789 66)
493 4720 657 4781 Bianchi,
677 4721 741 4773 ioh.
758 4721 848 4788 napa,
870 4721 988 4774 historia
1009 4725 1042 4775 de
1061 4725 1181 4777 autumali
1196 4725 1222 4777 in
1238 4741 1353 4793 corpore
1367 4723 1489 4775 humano
1508 4719 1613 4774 vitiosa
1627 4724 1811 4790 morbumque
1829 4723 2015 4793 generatione.

259 4815 377 4882 August.
414 4809 530 4861 Teurin.
550 4811 624 4860 1111.

426 4893 475 4959 61)
494 4891 664 4943 Geechirlne
689 4893 763 4945 einer
781 4893 864 4953 Fran,
890 4892 935 4944 die
960 4892 987 4944 in
1005 4894 1066 4946 dem
1091 4897 1250 4949 Ueterleibe
1273 4897 1318 4949 eia
1348 4898 1521 4949 verhirtetee
1545 4896 1616 4949 {lind
1641 4898 1677 4947 88
1693 4893 1780 4946 tear·
1803 4896 1936 4960 getregen
1956 4890 2014 4943 hat.

262 4981 356 5035 berlir
380 4984 454 5031 1118.

426 5064 475 5125 68)
495 5061 641 5114 Rioleni
665 5064 761 5117 Anthr.
779 5064 908 5116 latitetiac
929 5064 1098 5118 Parisiorum
1118 5071 1194 5120 1819.
1215 5065 1277 5119 Lib.
1297 5066 1333 5120 ll.
1353 5082 1413 5134 cep-
1431 5068 1474 5118 86.

428 5146 476 5213 69)
495 5147 620 5199 Oenvree
642 5159 715 5204 anet.
752 5150 787 5202 T.
807 5150 843 5203 ll.
864 5168 889 5217 p.
908 5152 960 5200 366
981 5166 1040 5215 sqq.
